%YAML 1.1
%TAG !u! tag:unity3d.com,2011:
--- !u!1 &1071224217100485801
GameObject:
  m_ObjectHideFlags: 0
  m_CorrespondingSourceObject: {fileID: 0}
  m_PrefabInstance: {fileID: 0}
  m_PrefabAsset: {fileID: 0}
  serializedVersion: 6
  m_Component:
  - component: {fileID: 1071224217100485799}
  - component: {fileID: 1071224217100485800}
  - component: {fileID: 946736853}
  - component: {fileID: 946736854}
  - component: {fileID: 1179242709402982535}
  - component: {fileID: 8913172536298033763}
  - component: {fileID: 6961901343209125666}
  - component: {fileID: 1500487046979404307}
  m_Layer: 14
  m_Name: PowerBox
  m_TagString: Power Up Box
  m_Icon: {fileID: 0}
  m_NavMeshLayer: 0
  m_StaticEditorFlags: 0
  m_IsActive: 1
--- !u!4 &1071224217100485799
Transform:
  m_ObjectHideFlags: 0
  m_CorrespondingSourceObject: {fileID: 0}
  m_PrefabInstance: {fileID: 0}
  m_PrefabAsset: {fileID: 0}
  m_GameObject: {fileID: 1071224217100485801}
  m_LocalRotation: {x: 0, y: 0, z: 0, w: 1}
  m_LocalPosition: {x: 0, y: 0, z: 0}
  m_LocalScale: {x: 1, y: 1, z: 1}
  m_Children:
  - {fileID: 1466104284533811376}
  m_Father: {fileID: 0}
  m_RootOrder: 0
  m_LocalEulerAnglesHint: {x: 0, y: 0, z: 0}
--- !u!95 &1071224217100485800
Animator:
  serializedVersion: 3
  m_ObjectHideFlags: 0
  m_CorrespondingSourceObject: {fileID: 0}
  m_PrefabInstance: {fileID: 0}
  m_PrefabAsset: {fileID: 0}
  m_GameObject: {fileID: 1071224217100485801}
  m_Enabled: 1
  m_Avatar: {fileID: 0}
  m_Controller: {fileID: 9100000, guid: b858c1615fc62514780bd75fbfe42311, type: 2}
  m_CullingMode: 0
  m_UpdateMode: 0
  m_ApplyRootMotion: 0
  m_LinearVelocityBlending: 0
  m_WarningMessage: 
  m_HasTransformHierarchy: 1
  m_AllowConstantClipSamplingOptimization: 1
  m_KeepAnimatorControllerStateOnDisable: 0
--- !u!65 &946736853
BoxCollider:
  m_ObjectHideFlags: 0
  m_CorrespondingSourceObject: {fileID: 0}
  m_PrefabInstance: {fileID: 0}
  m_PrefabAsset: {fileID: 0}
  m_GameObject: {fileID: 1071224217100485801}
  m_Material: {fileID: 0}
  m_IsTrigger: 1
  m_Enabled: 1
  serializedVersion: 2
  m_Size: {x: 2, y: 2, z: 2}
  m_Center: {x: 0, y: 0, z: 0}
--- !u!114 &946736854
MonoBehaviour:
  m_ObjectHideFlags: 0
  m_CorrespondingSourceObject: {fileID: 0}
  m_PrefabInstance: {fileID: 0}
  m_PrefabAsset: {fileID: 0}
  m_GameObject: {fileID: 1071224217100485801}
  m_Enabled: 1
  m_EditorHideFlags: 0
  m_Script: {fileID: 11500000, guid: 5711cc2c2c1068c4f850e70debadd959, type: 3}
  m_Name: 
  m_EditorClassIdentifier: 
  isBox: 1
  PlayerSpecial: 0
  Randomize: 1
  MyPower: 3
  MaxUsage: 1
  Downtime: 1
  Duration: 3
--- !u!114 &1179242709402982535
MonoBehaviour:
  m_ObjectHideFlags: 0
  m_CorrespondingSourceObject: {fileID: 0}
  m_PrefabInstance: {fileID: 0}
  m_PrefabAsset: {fileID: 0}
  m_GameObject: {fileID: 1071224217100485801}
  m_Enabled: 1
  m_EditorHideFlags: 0
  m_Script: {fileID: 11500000, guid: aa584fbee541324448dd18d8409c7a41, type: 3}
  m_Name: 
  m_EditorClassIdentifier: 
  ObservedComponentsFoldoutOpen: 1
  Group: 0
  prefixField: -1
  observableSearch: 2
  Synchronization: 3
  OwnershipTransfer: 0
  ObservedComponents: []
  viewIdField: 0
  InstantiationId: 0
  isRuntimeInstantiated: 0
--- !u!82 &8913172536298033763
AudioSource:
  m_ObjectHideFlags: 0
  m_CorrespondingSourceObject: {fileID: 0}
  m_PrefabInstance: {fileID: 0}
  m_PrefabAsset: {fileID: 0}
  m_GameObject: {fileID: 1071224217100485801}
  m_Enabled: 1
  serializedVersion: 4
  OutputAudioMixerGroup: {fileID: -5556490343293396980, guid: 2037d0dbc9f57094998b59303ad95b85, type: 2}
  m_audioClip: {fileID: 0}
  m_PlayOnAwake: 0
  m_Volume: 1
  m_Pitch: 1
  Loop: 0
  Mute: 0
  Spatialize: 0
  SpatializePostEffects: 0
  Priority: 128
  DopplerLevel: 1
  MinDistance: 1
  MaxDistance: 25
  Pan2D: 0
  rolloffMode: 2
  BypassEffects: 0
  BypassListenerEffects: 0
  BypassReverbZones: 0
  rolloffCustomCurve:
    serializedVersion: 2
    m_Curve:
    - serializedVersion: 3
      time: 0.04
      value: 1
      inSlope: -3.5034013
      outSlope: -3.5034013
      tangentMode: 0
      weightedMode: 0
      inWeight: 0
      outWeight: 0.05946602
    - serializedVersion: 3
      time: 1
      value: 0
      inSlope: -1.0416666
      outSlope: -1.0416666
      tangentMode: 0
      weightedMode: 0
      inWeight: 0
      outWeight: 0
    m_PreInfinity: 2
    m_PostInfinity: 2
    m_RotationOrder: 4
  panLevelCustomCurve:
    serializedVersion: 2
    m_Curve:
    - serializedVersion: 3
      time: 0
      value: 0
      inSlope: 0
      outSlope: 0
      tangentMode: 0
      weightedMode: 0
      inWeight: 0.33333334
      outWeight: 0.33333334
    m_PreInfinity: 2
    m_PostInfinity: 2
    m_RotationOrder: 4
  spreadCustomCurve:
    serializedVersion: 2
    m_Curve:
    - serializedVersion: 3
      time: 0
      value: 0
      inSlope: 0
      outSlope: 0
      tangentMode: 0
      weightedMode: 0
      inWeight: 0.33333334
      outWeight: 0.33333334
    m_PreInfinity: 2
    m_PostInfinity: 2
    m_RotationOrder: 4
  reverbZoneMixCustomCurve:
    serializedVersion: 2
    m_Curve:
    - serializedVersion: 3
      time: 0
      value: 1
      inSlope: 0
      outSlope: 0
      tangentMode: 0
      weightedMode: 0
      inWeight: 0.33333334
      outWeight: 0.33333334
    m_PreInfinity: 2
    m_PostInfinity: 2
    m_RotationOrder: 4
--- !u!114 &6961901343209125666
MonoBehaviour:
  m_ObjectHideFlags: 0
  m_CorrespondingSourceObject: {fileID: 0}
  m_PrefabInstance: {fileID: 0}
  m_PrefabAsset: {fileID: 0}
  m_GameObject: {fileID: 1071224217100485801}
  m_Enabled: 1
  m_EditorHideFlags: 0
  m_Script: {fileID: 11500000, guid: b04619dd62946e24cb792a4eb2284c54, type: 3}
  m_Name: 
  m_EditorClassIdentifier: 
  MultipleAudioSources: 0
  EnableVoices: 0
  Voices:
    m_UseSkill: 
    m_Knocked: 
    m_Idle: 
    m_Respond: 
--- !u!167 &1500487046979404307
AudioReverbZone:
  m_ObjectHideFlags: 0
  m_CorrespondingSourceObject: {fileID: 0}
  m_PrefabInstance: {fileID: 0}
  m_PrefabAsset: {fileID: 0}
  m_GameObject: {fileID: 1071224217100485801}
  m_Enabled: 1
  m_MinDistance: 1.68
  m_MaxDistance: 2.42
  m_ReverbPreset: 1
  m_Room: -1000
  m_RoomHF: -100
  m_DecayTime: 1.49
  m_DecayHFRatio: 0.83
  m_Reflections: -2602
  m_ReflectionsDelay: 0.007
  m_Reverb: 200
  m_ReverbDelay: 0.011
  m_HFReference: 5000
  m_Diffusion: 100
  m_Density: 100
  m_LFReference: 250
  m_RoomLF: 0
--- !u!1 &7238559781339656633
GameObject:
  m_ObjectHideFlags: 0
  m_CorrespondingSourceObject: {fileID: 0}
  m_PrefabInstance: {fileID: 0}
  m_PrefabAsset: {fileID: 0}
  serializedVersion: 6
  m_Component:
  - component: {fileID: 3599176140195071721}
  m_Layer: 14
  m_Name: Particles (1)
  m_TagString: Untagged
  m_Icon: {fileID: 0}
  m_NavMeshLayer: 0
  m_StaticEditorFlags: 0
  m_IsActive: 1
--- !u!4 &3599176140195071721
Transform:
  m_ObjectHideFlags: 0
  m_CorrespondingSourceObject: {fileID: 0}
  m_PrefabInstance: {fileID: 0}
  m_PrefabAsset: {fileID: 0}
  m_GameObject: {fileID: 7238559781339656633}
  m_LocalRotation: {x: -0, y: -0, z: -0, w: 1}
  m_LocalPosition: {x: 0, y: 0, z: 0}
  m_LocalScale: {x: 7.1428576, y: 7.1428585, z: 7.1428585}
  m_Children:
  - {fileID: 6271422629903866586}
  - {fileID: 5759033122300727444}
  m_Father: {fileID: 1466104284533811376}
  m_RootOrder: 0
  m_LocalEulerAnglesHint: {x: 0, y: 0, z: 0}
--- !u!1001 &1428238568835092315
PrefabInstance:
  m_ObjectHideFlags: 0
  serializedVersion: 2
  m_Modification:
    m_TransformParent: {fileID: 1071224217100485799}
    m_Modifications:
    - target: {fileID: -8679921383154817045, guid: fa1148057ccf87d4a97225d3725ff22c, type: 3}
      propertyPath: m_LocalPosition.x
      value: 0
      objectReference: {fileID: 0}
    - target: {fileID: -8679921383154817045, guid: fa1148057ccf87d4a97225d3725ff22c, type: 3}
      propertyPath: m_LocalPosition.y
      value: 0
      objectReference: {fileID: 0}
    - target: {fileID: -8679921383154817045, guid: fa1148057ccf87d4a97225d3725ff22c, type: 3}
      propertyPath: m_LocalPosition.z
      value: 0
      objectReference: {fileID: 0}
    - target: {fileID: -8679921383154817045, guid: fa1148057ccf87d4a97225d3725ff22c, type: 3}
      propertyPath: m_LocalRotation.x
      value: -0.7071068
      objectReference: {fileID: 0}
    - target: {fileID: -8679921383154817045, guid: fa1148057ccf87d4a97225d3725ff22c, type: 3}
      propertyPath: m_LocalRotation.y
      value: 0
      objectReference: {fileID: 0}
    - target: {fileID: -8679921383154817045, guid: fa1148057ccf87d4a97225d3725ff22c, type: 3}
      propertyPath: m_LocalRotation.z
      value: -0
      objectReference: {fileID: 0}
    - target: {fileID: -8679921383154817045, guid: fa1148057ccf87d4a97225d3725ff22c, type: 3}
      propertyPath: m_LocalRotation.w
      value: 0.7071067
      objectReference: {fileID: 0}
    - target: {fileID: -8679921383154817045, guid: fa1148057ccf87d4a97225d3725ff22c, type: 3}
      propertyPath: m_RootOrder
      value: 0
      objectReference: {fileID: 0}
    - target: {fileID: -8679921383154817045, guid: fa1148057ccf87d4a97225d3725ff22c, type: 3}
      propertyPath: m_LocalEulerAnglesHint.x
      value: 0
      objectReference: {fileID: 0}
    - target: {fileID: -8679921383154817045, guid: fa1148057ccf87d4a97225d3725ff22c, type: 3}
      propertyPath: m_LocalEulerAnglesHint.y
      value: 0
      objectReference: {fileID: 0}
    - target: {fileID: -8679921383154817045, guid: fa1148057ccf87d4a97225d3725ff22c, type: 3}
      propertyPath: m_LocalEulerAnglesHint.z
      value: 0
      objectReference: {fileID: 0}
    - target: {fileID: 919132149155446097, guid: fa1148057ccf87d4a97225d3725ff22c, type: 3}
      propertyPath: m_Name
      value: PU box
      objectReference: {fileID: 0}
    - target: {fileID: 5866666021909216657, guid: fa1148057ccf87d4a97225d3725ff22c, type: 3}
      propertyPath: m_Enabled
      value: 0
      objectReference: {fileID: 0}
    m_RemovedComponents:
    - {fileID: 5866666021909216657, guid: fa1148057ccf87d4a97225d3725ff22c, type: 3}
  m_SourcePrefab: {fileID: 100100000, guid: fa1148057ccf87d4a97225d3725ff22c, type: 3}
--- !u!4 &1466104284533811376 stripped
Transform:
  m_CorrespondingSourceObject: {fileID: -8679921383154817045, guid: fa1148057ccf87d4a97225d3725ff22c, type: 3}
  m_PrefabInstance: {fileID: 1428238568835092315}
  m_PrefabAsset: {fileID: 0}
--- !u!1001 &4059114990485953313
PrefabInstance:
  m_ObjectHideFlags: 0
  serializedVersion: 2
  m_Modification:
    m_TransformParent: {fileID: 3599176140195071721}
    m_Modifications:
    - target: {fileID: 8024374621867684792, guid: f4c18c1d88925614fb89315c048d9ee4, type: 3}
      propertyPath: m_Layer
      value: 14
      objectReference: {fileID: 0}
    - target: {fileID: 8024374621880006734, guid: f4c18c1d88925614fb89315c048d9ee4, type: 3}
      propertyPath: m_Layer
      value: 14
      objectReference: {fileID: 0}
    - target: {fileID: 8024374621880006735, guid: f4c18c1d88925614fb89315c048d9ee4, type: 3}
      propertyPath: m_LocalPosition.y
      value: 0.48
      objectReference: {fileID: 0}
    - target: {fileID: 8024374621880006735, guid: f4c18c1d88925614fb89315c048d9ee4, type: 3}
      propertyPath: m_LocalPosition.z
      value: 0.39
      objectReference: {fileID: 0}
    - target: {fileID: 8024374621880006735, guid: f4c18c1d88925614fb89315c048d9ee4, type: 3}
      propertyPath: m_LocalPosition.x
      value: -0.45
      objectReference: {fileID: 0}
    - target: {fileID: 8024374623152161274, guid: f4c18c1d88925614fb89315c048d9ee4, type: 3}
      propertyPath: m_Name
      value: Glitter Main Particles
      objectReference: {fileID: 0}
    - target: {fileID: 8024374623152161274, guid: f4c18c1d88925614fb89315c048d9ee4, type: 3}
      propertyPath: m_Layer
      value: 14
      objectReference: {fileID: 0}
    - target: {fileID: 8024374623152161275, guid: f4c18c1d88925614fb89315c048d9ee4, type: 3}
      propertyPath: m_LocalPosition.x
      value: 0
      objectReference: {fileID: 0}
    - target: {fileID: 8024374623152161275, guid: f4c18c1d88925614fb89315c048d9ee4, type: 3}
      propertyPath: m_LocalPosition.y
      value: 0
      objectReference: {fileID: 0}
    - target: {fileID: 8024374623152161275, guid: f4c18c1d88925614fb89315c048d9ee4, type: 3}
      propertyPath: m_LocalPosition.z
      value: 0
      objectReference: {fileID: 0}
    - target: {fileID: 8024374623152161275, guid: f4c18c1d88925614fb89315c048d9ee4, type: 3}
      propertyPath: m_LocalRotation.x
      value: 0.7071068
      objectReference: {fileID: 0}
    - target: {fileID: 8024374623152161275, guid: f4c18c1d88925614fb89315c048d9ee4, type: 3}
      propertyPath: m_LocalRotation.y
      value: 0
      objectReference: {fileID: 0}
    - target: {fileID: 8024374623152161275, guid: f4c18c1d88925614fb89315c048d9ee4, type: 3}
      propertyPath: m_LocalRotation.z
      value: 0
      objectReference: {fileID: 0}
    - target: {fileID: 8024374623152161275, guid: f4c18c1d88925614fb89315c048d9ee4, type: 3}
      propertyPath: m_LocalRotation.w
      value: 0.7071068
      objectReference: {fileID: 0}
    - target: {fileID: 8024374623152161275, guid: f4c18c1d88925614fb89315c048d9ee4, type: 3}
      propertyPath: m_RootOrder
      value: 0
      objectReference: {fileID: 0}
    - target: {fileID: 8024374623152161275, guid: f4c18c1d88925614fb89315c048d9ee4, type: 3}
      propertyPath: m_LocalEulerAnglesHint.x
      value: 90
      objectReference: {fileID: 0}
    - target: {fileID: 8024374623152161275, guid: f4c18c1d88925614fb89315c048d9ee4, type: 3}
      propertyPath: m_LocalEulerAnglesHint.y
      value: 0
      objectReference: {fileID: 0}
    - target: {fileID: 8024374623152161275, guid: f4c18c1d88925614fb89315c048d9ee4, type: 3}
      propertyPath: m_LocalEulerAnglesHint.z
      value: 0
      objectReference: {fileID: 0}
    m_RemovedComponents: []
  m_SourcePrefab: {fileID: 100100000, guid: f4c18c1d88925614fb89315c048d9ee4, type: 3}
--- !u!4 &6271422629903866586 stripped
Transform:
  m_CorrespondingSourceObject: {fileID: 8024374623152161275, guid: f4c18c1d88925614fb89315c048d9ee4, type: 3}
  m_PrefabInstance: {fileID: 4059114990485953313}
  m_PrefabAsset: {fileID: 0}
--- !u!1001 &6002388809512286025
PrefabInstance:
  m_ObjectHideFlags: 0
  serializedVersion: 2
  m_Modification:
    m_TransformParent: {fileID: 3599176140195071721}
    m_Modifications:
    - target: {fileID: 1332280931478015084, guid: 79cfaeff1c960c14d92f524e5ee348d3, type: 3}
      propertyPath: m_Layer
      value: 14
      objectReference: {fileID: 0}
    - target: {fileID: 2062919990333812155, guid: 79cfaeff1c960c14d92f524e5ee348d3, type: 3}
      propertyPath: m_Layer
      value: 14
      objectReference: {fileID: 0}
    - target: {fileID: 2062919990917720026, guid: 79cfaeff1c960c14d92f524e5ee348d3, type: 3}
      propertyPath: m_Name
      value: Flying Particles
      objectReference: {fileID: 0}
    - target: {fileID: 2062919990917720026, guid: 79cfaeff1c960c14d92f524e5ee348d3, type: 3}
      propertyPath: m_Layer
      value: 14
      objectReference: {fileID: 0}
    - target: {fileID: 2062919990917720029, guid: 79cfaeff1c960c14d92f524e5ee348d3, type: 3}
      propertyPath: m_LocalPosition.x
      value: 0
      objectReference: {fileID: 0}
    - target: {fileID: 2062919990917720029, guid: 79cfaeff1c960c14d92f524e5ee348d3, type: 3}
      propertyPath: m_LocalPosition.y
      value: -0
      objectReference: {fileID: 0}
    - target: {fileID: 2062919990917720029, guid: 79cfaeff1c960c14d92f524e5ee348d3, type: 3}
      propertyPath: m_LocalPosition.z
      value: -0.0024
      objectReference: {fileID: 0}
    - target: {fileID: 2062919990917720029, guid: 79cfaeff1c960c14d92f524e5ee348d3, type: 3}
      propertyPath: m_LocalRotation.x
      value: 0.7071068
      objectReference: {fileID: 0}
    - target: {fileID: 2062919990917720029, guid: 79cfaeff1c960c14d92f524e5ee348d3, type: 3}
      propertyPath: m_LocalRotation.y
      value: 0
      objectReference: {fileID: 0}
    - target: {fileID: 2062919990917720029, guid: 79cfaeff1c960c14d92f524e5ee348d3, type: 3}
      propertyPath: m_LocalRotation.z
      value: 0
      objectReference: {fileID: 0}
    - target: {fileID: 2062919990917720029, guid: 79cfaeff1c960c14d92f524e5ee348d3, type: 3}
      propertyPath: m_LocalRotation.w
      value: 0.7071068
      objectReference: {fileID: 0}
    - target: {fileID: 2062919990917720029, guid: 79cfaeff1c960c14d92f524e5ee348d3, type: 3}
      propertyPath: m_RootOrder
      value: 1
      objectReference: {fileID: 0}
    - target: {fileID: 2062919990917720029, guid: 79cfaeff1c960c14d92f524e5ee348d3, type: 3}
      propertyPath: m_LocalEulerAnglesHint.x
      value: 90
      objectReference: {fileID: 0}
    - target: {fileID: 2062919990917720029, guid: 79cfaeff1c960c14d92f524e5ee348d3, type: 3}
      propertyPath: m_LocalEulerAnglesHint.y
      value: 0
      objectReference: {fileID: 0}
    - target: {fileID: 2062919990917720029, guid: 79cfaeff1c960c14d92f524e5ee348d3, type: 3}
      propertyPath: m_LocalEulerAnglesHint.z
      value: 0
      objectReference: {fileID: 0}
    m_RemovedComponents: []
  m_SourcePrefab: {fileID: 100100000, guid: 79cfaeff1c960c14d92f524e5ee348d3, type: 3}
--- !u!4 &5759033122300727444 stripped
Transform:
  m_CorrespondingSourceObject: {fileID: 2062919990917720029, guid: 79cfaeff1c960c14d92f524e5ee348d3, type: 3}
  m_PrefabInstance: {fileID: 6002388809512286025}
  m_PrefabAsset: {fileID: 0}
