%YAML 1.1
%TAG !u! tag:unity3d.com,2011:
--- !u!1 &2682768462865466586
GameObject:
  m_ObjectHideFlags: 0
  m_CorrespondingSourceObject: {fileID: 0}
  m_PrefabInstance: {fileID: 0}
  m_PrefabAsset: {fileID: 0}
  serializedVersion: 6
  m_Component:
  - component: {fileID: 2682768462865466590}
  - component: {fileID: 2682768462865466587}
  - component: {fileID: 2082694810775837831}
  - component: {fileID: 7930400622616663994}
  - component: {fileID: 7541915850815442002}
  - component: {fileID: 3027979089842447683}
  - component: {fileID: 6900545093935486362}
  - component: {fileID: 1342830111654355965}
  - component: {fileID: 8400231609761513257}
  m_Layer: 12
  m_Name: FreezeProjectile
  m_TagString: Untagged
  m_Icon: {fileID: 0}
  m_NavMeshLayer: 0
  m_StaticEditorFlags: 0
  m_IsActive: 1
--- !u!4 &2682768462865466590
Transform:
  m_ObjectHideFlags: 0
  m_CorrespondingSourceObject: {fileID: 0}
  m_PrefabInstance: {fileID: 0}
  m_PrefabAsset: {fileID: 0}
  m_GameObject: {fileID: 2682768462865466586}
  m_LocalRotation: {x: 0, y: 0, z: 0, w: 1}
  m_LocalPosition: {x: -1.072, y: 0, z: 0}
  m_LocalScale: {x: 1, y: 1, z: 1}
  m_Children:
  - {fileID: 4532208598340740867}
  m_Father: {fileID: 0}
  m_RootOrder: 0
  m_LocalEulerAnglesHint: {x: 0, y: 0, z: 0}
--- !u!65 &2682768462865466587
BoxCollider:
  m_ObjectHideFlags: 0
  m_CorrespondingSourceObject: {fileID: 0}
  m_PrefabInstance: {fileID: 0}
  m_PrefabAsset: {fileID: 0}
  m_GameObject: {fileID: 2682768462865466586}
  m_Material: {fileID: 0}
  m_IsTrigger: 1
  m_Enabled: 1
  serializedVersion: 2
  m_Size: {x: 2.9, y: 1.77, z: 3.65}
  m_Center: {x: 0, y: 0, z: 0.34}
--- !u!114 &2082694810775837831
MonoBehaviour:
  m_ObjectHideFlags: 0
  m_CorrespondingSourceObject: {fileID: 0}
  m_PrefabInstance: {fileID: 0}
  m_PrefabAsset: {fileID: 0}
  m_GameObject: {fileID: 2682768462865466586}
  m_Enabled: 1
  m_EditorHideFlags: 0
  m_Script: {fileID: 11500000, guid: aaabaa1ee56a10c44936a024583b4198, type: 3}
  m_Name: 
  m_EditorClassIdentifier: 
  StarOnHead:
    m_AssetGUID: 19134eea9867c0242a1c1ddb4c087dc0
    m_SubObjectName: 
--- !u!54 &7930400622616663994
Rigidbody:
  m_ObjectHideFlags: 0
  m_CorrespondingSourceObject: {fileID: 0}
  m_PrefabInstance: {fileID: 0}
  m_PrefabAsset: {fileID: 0}
  m_GameObject: {fileID: 2682768462865466586}
  serializedVersion: 2
  m_Mass: 20
  m_Drag: 0
  m_AngularDrag: 0.01
  m_UseGravity: 0
  m_IsKinematic: 0
  m_Interpolate: 0
  m_Constraints: 0
  m_CollisionDetection: 0
--- !u!114 &7541915850815442002
MonoBehaviour:
  m_ObjectHideFlags: 0
  m_CorrespondingSourceObject: {fileID: 0}
  m_PrefabInstance: {fileID: 0}
  m_PrefabAsset: {fileID: 0}
  m_GameObject: {fileID: 2682768462865466586}
  m_Enabled: 1
  m_EditorHideFlags: 0
  m_Script: {fileID: 11500000, guid: 627855c7f81362d41938ffe0b1475957, type: 3}
  m_Name: 
  m_EditorClassIdentifier: 
  m_SynchronizePosition: 1
  m_SynchronizeRotation: 1
  m_SynchronizeScale: 0
  m_UseLocal: 0
--- !u!114 &3027979089842447683
MonoBehaviour:
  m_ObjectHideFlags: 0
  m_CorrespondingSourceObject: {fileID: 0}
  m_PrefabInstance: {fileID: 0}
  m_PrefabAsset: {fileID: 0}
  m_GameObject: {fileID: 2682768462865466586}
  m_Enabled: 1
  m_EditorHideFlags: 0
  m_Script: {fileID: 11500000, guid: aa584fbee541324448dd18d8409c7a41, type: 3}
  m_Name: 
  m_EditorClassIdentifier: 
  ObservedComponentsFoldoutOpen: 1
  Group: 0
  prefixField: -1
  observableSearch: 2
  Synchronization: 3
  OwnershipTransfer: 0
  ObservedComponents:
  - {fileID: 7541915850815442002}
  viewIdField: 0
  InstantiationId: 0
  isRuntimeInstantiated: 0
--- !u!82 &6900545093935486362
AudioSource:
  m_ObjectHideFlags: 0
  m_CorrespondingSourceObject: {fileID: 0}
  m_PrefabInstance: {fileID: 0}
  m_PrefabAsset: {fileID: 0}
  m_GameObject: {fileID: 2682768462865466586}
  m_Enabled: 1
  serializedVersion: 4
  OutputAudioMixerGroup: {fileID: -5556490343293396980, guid: 2037d0dbc9f57094998b59303ad95b85, type: 2}
  m_audioClip: {fileID: 0}
  m_PlayOnAwake: 0
  m_Volume: 1
  m_Pitch: 1
  Loop: 0
  Mute: 0
  Spatialize: 0
  SpatializePostEffects: 0
  Priority: 129
  DopplerLevel: 1
  MinDistance: 1
  MaxDistance: 30
  Pan2D: 0
  rolloffMode: 1
  BypassEffects: 0
  BypassListenerEffects: 0
  BypassReverbZones: 0
  rolloffCustomCurve:
    serializedVersion: 2
    m_Curve:
    - serializedVersion: 3
      time: 0
      value: 1
      inSlope: 0
      outSlope: 0
      tangentMode: 0
      weightedMode: 0
      inWeight: 0.33333334
      outWeight: 0.33333334
    - serializedVersion: 3
      time: 1
      value: 0
      inSlope: 0
      outSlope: 0
      tangentMode: 0
      weightedMode: 0
      inWeight: 0.33333334
      outWeight: 0.33333334
    m_PreInfinity: 2
    m_PostInfinity: 2
    m_RotationOrder: 4
  panLevelCustomCurve:
    serializedVersion: 2
    m_Curve:
    - serializedVersion: 3
      time: 0
      value: 0
      inSlope: 0
      outSlope: 0
      tangentMode: 0
      weightedMode: 0
      inWeight: 0.33333334
      outWeight: 0.33333334
    m_PreInfinity: 2
    m_PostInfinity: 2
    m_RotationOrder: 4
  spreadCustomCurve:
    serializedVersion: 2
    m_Curve:
    - serializedVersion: 3
      time: 0
      value: 0
      inSlope: 0
      outSlope: 0
      tangentMode: 0
      weightedMode: 0
      inWeight: 0.33333334
      outWeight: 0.33333334
    m_PreInfinity: 2
    m_PostInfinity: 2
    m_RotationOrder: 4
  reverbZoneMixCustomCurve:
    serializedVersion: 2
    m_Curve:
    - serializedVersion: 3
      time: 0
      value: 1
      inSlope: 0
      outSlope: 0
      tangentMode: 0
      weightedMode: 0
      inWeight: 0.33333334
      outWeight: 0.33333334
    m_PreInfinity: 2
    m_PostInfinity: 2
    m_RotationOrder: 4
--- !u!167 &1342830111654355965
AudioReverbZone:
  m_ObjectHideFlags: 0
  m_CorrespondingSourceObject: {fileID: 0}
  m_PrefabInstance: {fileID: 0}
  m_PrefabAsset: {fileID: 0}
  m_GameObject: {fileID: 2682768462865466586}
  m_Enabled: 1
  m_MinDistance: 1.1
  m_MaxDistance: 1.57
  m_ReverbPreset: 1
  m_Room: -1000
  m_RoomHF: -100
  m_DecayTime: 1.49
  m_DecayHFRatio: 0.83
  m_Reflections: -2602
  m_ReflectionsDelay: 0.007
  m_Reverb: 200
  m_ReverbDelay: 0.011
  m_HFReference: 5000
  m_Diffusion: 100
  m_Density: 100
  m_LFReference: 250
  m_RoomLF: 0
--- !u!114 &8400231609761513257
MonoBehaviour:
  m_ObjectHideFlags: 0
  m_CorrespondingSourceObject: {fileID: 0}
  m_PrefabInstance: {fileID: 0}
  m_PrefabAsset: {fileID: 0}
  m_GameObject: {fileID: 2682768462865466586}
  m_Enabled: 1
  m_EditorHideFlags: 0
  m_Script: {fileID: 11500000, guid: b04619dd62946e24cb792a4eb2284c54, type: 3}
  m_Name: 
  m_EditorClassIdentifier: 
  MultipleAudioSources: 0
--- !u!1001 &2730153985394843758
PrefabInstance:
  m_ObjectHideFlags: 0
  serializedVersion: 2
  m_Modification:
    m_TransformParent: {fileID: 2682768462865466590}
    m_Modifications:
    - target: {fileID: 1174603375878200791, guid: 6d72595bb7eab6c41b721e824d3a94e6, type: 3}
      propertyPath: m_Name
      value: Rocket_Effect
      objectReference: {fileID: 0}
    - target: {fileID: 1947480423764428653, guid: 6d72595bb7eab6c41b721e824d3a94e6, type: 3}
      propertyPath: m_LocalPosition.x
      value: -0
      objectReference: {fileID: 0}
    - target: {fileID: 1947480423764428653, guid: 6d72595bb7eab6c41b721e824d3a94e6, type: 3}
      propertyPath: m_LocalPosition.y
      value: 0
      objectReference: {fileID: 0}
    - target: {fileID: 1947480423764428653, guid: 6d72595bb7eab6c41b721e824d3a94e6, type: 3}
      propertyPath: m_LocalPosition.z
      value: 0
      objectReference: {fileID: 0}
    - target: {fileID: 1947480423764428653, guid: 6d72595bb7eab6c41b721e824d3a94e6, type: 3}
      propertyPath: m_LocalRotation.x
      value: -0.7069834
      objectReference: {fileID: 0}
    - target: {fileID: 1947480423764428653, guid: 6d72595bb7eab6c41b721e824d3a94e6, type: 3}
      propertyPath: m_LocalRotation.y
      value: 0
      objectReference: {fileID: 0}
    - target: {fileID: 1947480423764428653, guid: 6d72595bb7eab6c41b721e824d3a94e6, type: 3}
      propertyPath: m_LocalRotation.z
      value: 0
      objectReference: {fileID: 0}
    - target: {fileID: 1947480423764428653, guid: 6d72595bb7eab6c41b721e824d3a94e6, type: 3}
      propertyPath: m_LocalRotation.w
      value: 0.7072302
      objectReference: {fileID: 0}
    - target: {fileID: 1947480423764428653, guid: 6d72595bb7eab6c41b721e824d3a94e6, type: 3}
      propertyPath: m_RootOrder
      value: 0
      objectReference: {fileID: 0}
    - target: {fileID: 1947480423764428653, guid: 6d72595bb7eab6c41b721e824d3a94e6, type: 3}
      propertyPath: m_LocalEulerAnglesHint.x
      value: -89.98
      objectReference: {fileID: 0}
    - target: {fileID: 1947480423764428653, guid: 6d72595bb7eab6c41b721e824d3a94e6, type: 3}
      propertyPath: m_LocalEulerAnglesHint.y
      value: 0
      objectReference: {fileID: 0}
    - target: {fileID: 1947480423764428653, guid: 6d72595bb7eab6c41b721e824d3a94e6, type: 3}
      propertyPath: m_LocalEulerAnglesHint.z
      value: 0
      objectReference: {fileID: 0}
    - target: {fileID: 1947480423764428653, guid: 6d72595bb7eab6c41b721e824d3a94e6, type: 3}
      propertyPath: m_LocalScale.x
      value: 65
      objectReference: {fileID: 0}
    - target: {fileID: 1947480423764428653, guid: 6d72595bb7eab6c41b721e824d3a94e6, type: 3}
      propertyPath: m_LocalScale.y
      value: 65
      objectReference: {fileID: 0}
    - target: {fileID: 1947480423764428653, guid: 6d72595bb7eab6c41b721e824d3a94e6, type: 3}
      propertyPath: m_LocalScale.z
      value: 65
      objectReference: {fileID: 0}
    m_RemovedComponents: []
  m_SourcePrefab: {fileID: 100100000, guid: 6d72595bb7eab6c41b721e824d3a94e6, type: 3}
--- !u!4 &4532208598340740867 stripped
Transform:
  m_CorrespondingSourceObject: {fileID: 1947480423764428653, guid: 6d72595bb7eab6c41b721e824d3a94e6, type: 3}
  m_PrefabInstance: {fileID: 2730153985394843758}
  m_PrefabAsset: {fileID: 0}
