%YAML 1.1
%TAG !u! tag:unity3d.com,2011:
--- !u!1 &120383836587447092
GameObject:
  m_ObjectHideFlags: 0
  m_CorrespondingSourceObject: {fileID: 0}
  m_PrefabInstance: {fileID: 0}
  m_PrefabAsset: {fileID: 0}
  serializedVersion: 6
  m_Component:
  - component: {fileID: 662741009300113856}
  m_Layer: 0
  m_Name: c_skull_01.x
  m_TagString: Untagged
  m_Icon: {fileID: 0}
  m_NavMeshLayer: 0
  m_StaticEditorFlags: 0
  m_IsActive: 1
--- !u!4 &662741009300113856
Transform:
  m_ObjectHideFlags: 0
  m_CorrespondingSourceObject: {fileID: 0}
  m_PrefabInstance: {fileID: 0}
  m_PrefabAsset: {fileID: 0}
  m_GameObject: {fileID: 120383836587447092}
  m_LocalRotation: {x: 0.7071309, y: -0.00000017182369, z: -0.7070827, w: -0.000000111934504}
  m_LocalPosition: {x: 6.868049e-13, y: 0.18243527, z: 6.3496247e-10}
  m_LocalScale: {x: 1, y: 1.0000001, z: 1.0000001}
  m_Children: []
  m_Father: {fileID: 7601496195611725853}
  m_RootOrder: 0
  m_LocalEulerAnglesHint: {x: 0, y: 0, z: 0}
--- !u!1 &566143145663922646
GameObject:
  m_ObjectHideFlags: 0
  m_CorrespondingSourceObject: {fileID: 0}
  m_PrefabInstance: {fileID: 0}
  m_PrefabAsset: {fileID: 0}
  serializedVersion: 6
  m_Component:
  - component: {fileID: 3576995955941897176}
  m_Layer: 0
  m_Name: foot.r
  m_TagString: Untagged
  m_Icon: {fileID: 0}
  m_NavMeshLayer: 0
  m_StaticEditorFlags: 0
  m_IsActive: 1
--- !u!4 &3576995955941897176
Transform:
  m_ObjectHideFlags: 0
  m_CorrespondingSourceObject: {fileID: 0}
  m_PrefabInstance: {fileID: 0}
  m_PrefabAsset: {fileID: 0}
  m_GameObject: {fileID: 566143145663922646}
  m_LocalRotation: {x: 0.21217121, y: 0.8253055, z: -0.34013662, w: 0.39769492}
  m_LocalPosition: {x: 0.000000036621092, y: 0.3182858, z: 0.00000006103515}
  m_LocalScale: {x: 0.9999447, y: 0.99999267, z: 0.9999983}
  m_Children:
  - {fileID: 1181764208853184094}
  m_Father: {fileID: 361434988425015539}
  m_RootOrder: 0
  m_LocalEulerAnglesHint: {x: 0, y: 0, z: 0}
--- !u!1 &632843367953705436
GameObject:
  m_ObjectHideFlags: 0
  m_CorrespondingSourceObject: {fileID: 0}
  m_PrefabInstance: {fileID: 0}
  m_PrefabAsset: {fileID: 0}
  serializedVersion: 6
  m_Component:
  - component: {fileID: 8591084591741746741}
  m_Layer: 0
  m_Name: spine_01.x
  m_TagString: Untagged
  m_Icon: {fileID: 0}
  m_NavMeshLayer: 0
  m_StaticEditorFlags: 0
  m_IsActive: 1
--- !u!4 &8591084591741746741
Transform:
  m_ObjectHideFlags: 0
  m_CorrespondingSourceObject: {fileID: 0}
  m_PrefabInstance: {fileID: 0}
  m_PrefabAsset: {fileID: 0}
  m_GameObject: {fileID: 632843367953705436}
  m_LocalRotation: {x: -0.046038665, y: 0.0033060885, z: -0.00015160625, w: 0.9989342}
  m_LocalPosition: {x: -2.0516029e-10, y: 0.23364057, z: -0.00000003738403}
  m_LocalScale: {x: 0.99999994, y: 1.0000001, z: 1}
  m_Children:
  - {fileID: 8970313367564869288}
  m_Father: {fileID: 5622046961790086012}
  m_RootOrder: 0
  m_LocalEulerAnglesHint: {x: 0, y: 0, z: 0}
--- !u!1 &676789549697391777
GameObject:
  m_ObjectHideFlags: 0
  m_CorrespondingSourceObject: {fileID: 0}
  m_PrefabInstance: {fileID: 0}
  m_PrefabAsset: {fileID: 0}
  serializedVersion: 6
  m_Component:
  - component: {fileID: 3114349175180611016}
  m_Layer: 0
  m_Name: arm_stretch.l
  m_TagString: Untagged
  m_Icon: {fileID: 0}
  m_NavMeshLayer: 0
  m_StaticEditorFlags: 0
  m_IsActive: 1
--- !u!4 &3114349175180611016
Transform:
  m_ObjectHideFlags: 0
  m_CorrespondingSourceObject: {fileID: 0}
  m_PrefabInstance: {fileID: 0}
  m_PrefabAsset: {fileID: 0}
  m_GameObject: {fileID: 676789549697391777}
  m_LocalRotation: {x: 0.44358456, y: 0.1478214, z: -0.5315949, w: 0.7062496}
  m_LocalPosition: {x: -0.000000018310546, y: 0.23522112, z: -0.000000011205673}
  m_LocalScale: {x: 0.9999999, y: 0.99999994, z: 0.9999999}
  m_Children:
  - {fileID: 2005612250390807545}
  m_Father: {fileID: 9050024035823443697}
  m_RootOrder: 0
  m_LocalEulerAnglesHint: {x: 0, y: 0, z: 0}
--- !u!1 &714072423974926783
GameObject:
  m_ObjectHideFlags: 0
  m_CorrespondingSourceObject: {fileID: 0}
  m_PrefabInstance: {fileID: 0}
  m_PrefabAsset: {fileID: 0}
  serializedVersion: 6
  m_Component:
  - component: {fileID: 2047567344812150355}
  m_Layer: 0
  m_Name: hand.r
  m_TagString: Untagged
  m_Icon: {fileID: 0}
  m_NavMeshLayer: 0
  m_StaticEditorFlags: 0
  m_IsActive: 1
--- !u!4 &2047567344812150355
Transform:
  m_ObjectHideFlags: 0
  m_CorrespondingSourceObject: {fileID: 0}
  m_PrefabInstance: {fileID: 0}
  m_PrefabAsset: {fileID: 0}
  m_GameObject: {fileID: 714072423974926783}
  m_LocalRotation: {x: -0.029105768, y: -0.814347, z: -0.096636295, w: 0.5715358}
  m_LocalPosition: {x: -0.000000024414062, y: 0.23305282, z: 0.000000036621092}
  m_LocalScale: {x: 1.0000002, y: 1.0000008, z: 1.0000002}
  m_Children:
  - {fileID: 4181118589464880889}
  - {fileID: 7474775063878940070}
  - {fileID: 3000408164047247798}
  - {fileID: 8715562140915438529}
  m_Father: {fileID: 2084717890734994418}
  m_RootOrder: 0
  m_LocalEulerAnglesHint: {x: 0, y: 0, z: 0}
--- !u!1 &787000944929848663
GameObject:
  m_ObjectHideFlags: 0
  m_CorrespondingSourceObject: {fileID: 0}
  m_PrefabInstance: {fileID: 0}
  m_PrefabAsset: {fileID: 0}
  serializedVersion: 6
  m_Component:
  - component: {fileID: 980874690110233291}
  m_Layer: 0
  m_Name: neck.x
  m_TagString: Untagged
  m_Icon: {fileID: 0}
  m_NavMeshLayer: 0
  m_StaticEditorFlags: 0
  m_IsActive: 1
--- !u!4 &980874690110233291
Transform:
  m_ObjectHideFlags: 0
  m_CorrespondingSourceObject: {fileID: 0}
  m_PrefabInstance: {fileID: 0}
  m_PrefabAsset: {fileID: 0}
  m_GameObject: {fileID: 787000944929848663}
  m_LocalRotation: {x: -0.04950301, y: -0.0067176344, z: 0.0003329796, w: 0.99875134}
  m_LocalPosition: {x: 1.6572745e-10, y: 0.14077444, z: 0.00000005493164}
  m_LocalScale: {x: 0.9999999, y: 0.99999964, z: 0.99999976}
  m_Children:
  - {fileID: 7601496195611725853}
  m_Father: {fileID: 8970313367564869288}
  m_RootOrder: 0
  m_LocalEulerAnglesHint: {x: 0, y: 0, z: 0}
--- !u!1 &984818270433644694
GameObject:
  m_ObjectHideFlags: 0
  m_CorrespondingSourceObject: {fileID: 0}
  m_PrefabInstance: {fileID: 0}
  m_PrefabAsset: {fileID: 0}
  serializedVersion: 6
  m_Component:
  - component: {fileID: 7810860606522013279}
  m_Layer: 0
  m_Name: thumb3.l
  m_TagString: Untagged
  m_Icon: {fileID: 0}
  m_NavMeshLayer: 0
  m_StaticEditorFlags: 0
  m_IsActive: 1
--- !u!4 &7810860606522013279
Transform:
  m_ObjectHideFlags: 0
  m_CorrespondingSourceObject: {fileID: 0}
  m_PrefabInstance: {fileID: 0}
  m_PrefabAsset: {fileID: 0}
  m_GameObject: {fileID: 984818270433644694}
  m_LocalRotation: {x: 0.040245082, y: -0.005878737, z: -0.04814539, w: 0.99801195}
  m_LocalPosition: {x: 0.00000004386902, y: 0.0374727, z: 0.00000014648437}
  m_LocalScale: {x: 0.9999998, y: 1, z: 0.9999999}
  m_Children: []
  m_Father: {fileID: 8756954544987778842}
  m_RootOrder: 0
  m_LocalEulerAnglesHint: {x: 0, y: 0, z: 0}
--- !u!1 &1031195527514615892
GameObject:
  m_ObjectHideFlags: 0
  m_CorrespondingSourceObject: {fileID: 0}
  m_PrefabInstance: {fileID: 0}
  m_PrefabAsset: {fileID: 0}
  serializedVersion: 6
  m_Component:
  - component: {fileID: 3171633159969249447}
  m_Layer: 0
  m_Name: c_skull_03.x
  m_TagString: Untagged
  m_Icon: {fileID: 0}
  m_NavMeshLayer: 0
  m_StaticEditorFlags: 0
  m_IsActive: 1
--- !u!4 &3171633159969249447
Transform:
  m_ObjectHideFlags: 0
  m_CorrespondingSourceObject: {fileID: 0}
  m_PrefabInstance: {fileID: 0}
  m_PrefabAsset: {fileID: 0}
  m_GameObject: {fileID: 1031195527514615892}
  m_LocalRotation: {x: 1.0925273e-14, y: -0.00003402144, z: -1.8189894e-12, w: 1}
  m_LocalPosition: {x: -1.5052136e-14, y: 0.4124409, z: 0.000000008487514}
  m_LocalScale: {x: 1, y: 0.99999994, z: 1}
  m_Children: []
  m_Father: {fileID: 7601496195611725853}
  m_RootOrder: 2
  m_LocalEulerAnglesHint: {x: 0, y: 0, z: 0}
--- !u!1 &1214021410243615522
GameObject:
  m_ObjectHideFlags: 0
  m_CorrespondingSourceObject: {fileID: 0}
  m_PrefabInstance: {fileID: 0}
  m_PrefabAsset: {fileID: 0}
  serializedVersion: 6
  m_Component:
  - component: {fileID: 3000408164047247798}
  m_Layer: 0
  m_Name: ring1_base.r
  m_TagString: Untagged
  m_Icon: {fileID: 0}
  m_NavMeshLayer: 0
  m_StaticEditorFlags: 0
  m_IsActive: 1
--- !u!4 &3000408164047247798
Transform:
  m_ObjectHideFlags: 0
  m_CorrespondingSourceObject: {fileID: 0}
  m_PrefabInstance: {fileID: 0}
  m_PrefabAsset: {fileID: 0}
  m_GameObject: {fileID: 1214021410243615522}
  m_LocalRotation: {x: -0.008843609, y: -0.008585707, z: 0.33679602, w: 0.94149697}
  m_LocalPosition: {x: -0.03536488, y: 0.0698351, z: 0.00021969604}
  m_LocalScale: {x: 0.9999998, y: 0.9999998, z: 1}
  m_Children:
  - {fileID: 68444114781663735}
  m_Father: {fileID: 2047567344812150355}
  m_RootOrder: 2
  m_LocalEulerAnglesHint: {x: 0, y: 0, z: 0}
--- !u!1 &1218072514410465962
GameObject:
  m_ObjectHideFlags: 0
  m_CorrespondingSourceObject: {fileID: 0}
  m_PrefabInstance: {fileID: 0}
  m_PrefabAsset: {fileID: 0}
  serializedVersion: 6
  m_Component:
  - component: {fileID: 7133842384101002507}
  - component: {fileID: 4458564009540219189}
  m_Layer: 0
  m_Name: Cylinder.004
  m_TagString: Untagged
  m_Icon: {fileID: 0}
  m_NavMeshLayer: 0
  m_StaticEditorFlags: 0
  m_IsActive: 1
--- !u!4 &7133842384101002507
Transform:
  m_ObjectHideFlags: 0
  m_CorrespondingSourceObject: {fileID: 0}
  m_PrefabInstance: {fileID: 0}
  m_PrefabAsset: {fileID: 0}
  m_GameObject: {fileID: 1218072514410465962}
  m_LocalRotation: {x: -0.7071068, y: 0, z: -0, w: 0.7071067}
  m_LocalPosition: {x: -1.157312e-34, y: 0.22345278, z: 0.8139975}
  m_LocalScale: {x: 97.21049, y: 97.21049, z: 97.21049}
  m_Children: []
  m_Father: {fileID: 2080238452328171835}
  m_RootOrder: 4
  m_LocalEulerAnglesHint: {x: 0, y: 0, z: 0}
--- !u!137 &4458564009540219189
SkinnedMeshRenderer:
  m_ObjectHideFlags: 0
  m_CorrespondingSourceObject: {fileID: 0}
  m_PrefabInstance: {fileID: 0}
  m_PrefabAsset: {fileID: 0}
  m_GameObject: {fileID: 1218072514410465962}
  m_Enabled: 1
  m_CastShadows: 1
  m_ReceiveShadows: 1
  m_DynamicOccludee: 1
  m_MotionVectors: 1
  m_LightProbeUsage: 1
  m_ReflectionProbeUsage: 1
  m_RayTracingMode: 3
  m_RayTraceProcedural: 0
  m_RenderingLayerMask: 1
  m_RendererPriority: 0
  m_Materials:
  - {fileID: 2100000, guid: 88ad5d679c130a64ab2e34e04936e59f, type: 2}
  m_StaticBatchInfo:
    firstSubMesh: 0
    subMeshCount: 0
  m_StaticBatchRoot: {fileID: 0}
  m_ProbeAnchor: {fileID: 0}
  m_LightProbeVolumeOverride: {fileID: 0}
  m_ScaleInLightmap: 1
  m_ReceiveGI: 1
  m_PreserveUVs: 0
  m_IgnoreNormalsForChartDetection: 0
  m_ImportantGI: 0
  m_StitchLightmapSeams: 1
  m_SelectedEditorRenderState: 3
  m_MinimumChartSize: 4
  m_AutoUVMaxDistance: 0.5
  m_AutoUVMaxAngle: 89
  m_LightmapParameters: {fileID: 0}
  m_SortingLayerID: 0
  m_SortingLayer: 0
  m_SortingOrder: 0
  serializedVersion: 2
  m_Quality: 0
  m_UpdateWhenOffscreen: 0
  m_SkinnedMotionVectors: 1
  m_Mesh: {fileID: 6255687079079774844, guid: 6f45f6c7491650247be7310ebc9be1ac, type: 3}
  m_Bones:
  - {fileID: 203820740061496650}
  - {fileID: 9063786017133784758}
  - {fileID: 8811954517710443121}
  - {fileID: 4784319477186643916}
  m_BlendShapeWeights: []
  m_RootBone: {fileID: 203820740061496650}
  m_AABB:
    m_Center: {x: 9.313226e-10, y: 0.008879472, z: 0.0050987005}
    m_Extent: {x: 0.0049889227, y: 0.0015431615, z: 0.0012084204}
  m_DirtyAABB: 0
--- !u!1 &1257524499752322735
GameObject:
  m_ObjectHideFlags: 0
  m_CorrespondingSourceObject: {fileID: 0}
  m_PrefabInstance: {fileID: 0}
  m_PrefabAsset: {fileID: 0}
  serializedVersion: 6
  m_Component:
  - component: {fileID: 4862435025551222724}
  m_Layer: 0
  m_Name: index1_base.l
  m_TagString: Untagged
  m_Icon: {fileID: 0}
  m_NavMeshLayer: 0
  m_StaticEditorFlags: 0
  m_IsActive: 1
--- !u!4 &4862435025551222724
Transform:
  m_ObjectHideFlags: 0
  m_CorrespondingSourceObject: {fileID: 0}
  m_PrefabInstance: {fileID: 0}
  m_PrefabAsset: {fileID: 0}
  m_GameObject: {fileID: 1257524499752322735}
  m_LocalRotation: {x: 0.061618425, y: 0.01657164, z: 0.14931157, w: 0.98672926}
  m_LocalPosition: {x: -0.035683583, y: 0.07055153, z: -0.008778308}
  m_LocalScale: {x: 1, y: 0.99999994, z: 0.99999994}
  m_Children:
  - {fileID: 8066027422344734053}
  m_Father: {fileID: 3752444844495620937}
  m_RootOrder: 0
  m_LocalEulerAnglesHint: {x: 0, y: 0, z: 0}
--- !u!1 &1270690408780866386
GameObject:
  m_ObjectHideFlags: 0
  m_CorrespondingSourceObject: {fileID: 0}
  m_PrefabInstance: {fileID: 0}
  m_PrefabAsset: {fileID: 0}
  serializedVersion: 6
  m_Component:
  - component: {fileID: 8970313367564869288}
  m_Layer: 0
  m_Name: spine_02.x
  m_TagString: Untagged
  m_Icon: {fileID: 0}
  m_NavMeshLayer: 0
  m_StaticEditorFlags: 0
  m_IsActive: 1
--- !u!4 &8970313367564869288
Transform:
  m_ObjectHideFlags: 0
  m_CorrespondingSourceObject: {fileID: 0}
  m_PrefabInstance: {fileID: 0}
  m_PrefabAsset: {fileID: 0}
  m_GameObject: {fileID: 1270690408780866386}
  m_LocalRotation: {x: 0.36316875, y: -0.0030761128, z: 0.0011988458, w: 0.9317176}
  m_LocalPosition: {x: -4.7558285e-10, y: 0.21779849, z: 0.000000051879102}
  m_LocalScale: {x: 0.9999999, y: 0.99999994, z: 0.99999994}
  m_Children:
  - {fileID: 980874690110233291}
  - {fileID: 9050024035823443697}
  - {fileID: 8999431691824691905}
  m_Father: {fileID: 8591084591741746741}
  m_RootOrder: 0
  m_LocalEulerAnglesHint: {x: 0, y: 0, z: 0}
--- !u!1 &1433919623694886516
GameObject:
  m_ObjectHideFlags: 0
  m_CorrespondingSourceObject: {fileID: 0}
  m_PrefabInstance: {fileID: 0}
  m_PrefabAsset: {fileID: 0}
  serializedVersion: 6
  m_Component:
  - component: {fileID: 8832567316722704634}
  m_Layer: 0
  m_Name: middle1_base.l
  m_TagString: Untagged
  m_Icon: {fileID: 0}
  m_NavMeshLayer: 0
  m_StaticEditorFlags: 0
  m_IsActive: 1
--- !u!4 &8832567316722704634
Transform:
  m_ObjectHideFlags: 0
  m_CorrespondingSourceObject: {fileID: 0}
  m_PrefabInstance: {fileID: 0}
  m_PrefabAsset: {fileID: 0}
  m_GameObject: {fileID: 1433919623694886516}
  m_LocalRotation: {x: 0.025537891, y: -0.0005709534, z: -0.05981161, w: 0.9978828}
  m_LocalPosition: {x: 0.011271463, y: 0.07312178, z: 0.00066335447}
  m_LocalScale: {x: 0.99999994, y: 0.99999994, z: 0.9999999}
  m_Children:
  - {fileID: 2514883795571123357}
  m_Father: {fileID: 3752444844495620937}
  m_RootOrder: 1
  m_LocalEulerAnglesHint: {x: 0, y: 0, z: 0}
--- !u!1 &1555172753197174664
GameObject:
  m_ObjectHideFlags: 0
  m_CorrespondingSourceObject: {fileID: 0}
  m_PrefabInstance: {fileID: 0}
  m_PrefabAsset: {fileID: 0}
  serializedVersion: 6
  m_Component:
  - component: {fileID: 7302097828695584285}
  - component: {fileID: 1879154616813564898}
  - component: {fileID: 8760204303138805456}
  - component: {fileID: 5414538054931559215}
  m_Layer: 13
  m_Name: F
  m_TagString: Untagged
  m_Icon: {fileID: 0}
  m_NavMeshLayer: 0
  m_StaticEditorFlags: 0
  m_IsActive: 1
--- !u!4 &7302097828695584285
Transform:
  m_ObjectHideFlags: 0
  m_CorrespondingSourceObject: {fileID: 0}
  m_PrefabInstance: {fileID: 0}
  m_PrefabAsset: {fileID: 0}
  m_GameObject: {fileID: 1555172753197174664}
  m_LocalRotation: {x: -0.5766791, y: 0.576679, z: -0.409196, w: 0.40919584}
  m_LocalPosition: {x: 0.0001951636, y: -0.00015297132, z: 0.000022746026}
  m_LocalScale: {x: 1, y: 1, z: 1}
  m_Children: []
  m_Father: {fileID: 4784319477186643916}
  m_RootOrder: 0
  m_LocalEulerAnglesHint: {x: 0, y: 90, z: -90}
--- !u!33 &1879154616813564898
MeshFilter:
  m_ObjectHideFlags: 0
  m_CorrespondingSourceObject: {fileID: 0}
  m_PrefabInstance: {fileID: 0}
  m_PrefabAsset: {fileID: 0}
  m_GameObject: {fileID: 1555172753197174664}
  m_Mesh: {fileID: -5308210633308118684, guid: 3d45357bbcb51ed41afc769be8474cb8, type: 3}
--- !u!23 &8760204303138805456
MeshRenderer:
  m_ObjectHideFlags: 0
  m_CorrespondingSourceObject: {fileID: 0}
  m_PrefabInstance: {fileID: 0}
  m_PrefabAsset: {fileID: 0}
  m_GameObject: {fileID: 1555172753197174664}
  m_Enabled: 1
  m_CastShadows: 1
  m_ReceiveShadows: 1
  m_DynamicOccludee: 1
  m_MotionVectors: 1
  m_LightProbeUsage: 1
  m_ReflectionProbeUsage: 1
  m_RayTracingMode: 2
  m_RayTraceProcedural: 0
  m_RenderingLayerMask: 1
  m_RendererPriority: 0
  m_Materials:
  - {fileID: 2100000, guid: a4a94ec4e017deb4da6c42e9fb5fd9fc, type: 2}
  m_StaticBatchInfo:
    firstSubMesh: 0
    subMeshCount: 0
  m_StaticBatchRoot: {fileID: 0}
  m_ProbeAnchor: {fileID: 0}
  m_LightProbeVolumeOverride: {fileID: 0}
  m_ScaleInLightmap: 1
  m_ReceiveGI: 1
  m_PreserveUVs: 0
  m_IgnoreNormalsForChartDetection: 0
  m_ImportantGI: 0
  m_StitchLightmapSeams: 1
  m_SelectedEditorRenderState: 3
  m_MinimumChartSize: 4
  m_AutoUVMaxDistance: 0.5
  m_AutoUVMaxAngle: 89
  m_LightmapParameters: {fileID: 0}
  m_SortingLayerID: 0
  m_SortingLayer: 0
  m_SortingOrder: 0
  m_AdditionalVertexStreams: {fileID: 0}
--- !u!114 &5414538054931559215
MonoBehaviour:
  m_ObjectHideFlags: 0
  m_CorrespondingSourceObject: {fileID: 0}
  m_PrefabInstance: {fileID: 0}
  m_PrefabAsset: {fileID: 0}
  m_GameObject: {fileID: 1555172753197174664}
  m_Enabled: 1
  m_EditorHideFlags: 0
  m_Script: {fileID: 11500000, guid: 874b7a42758178144a81c76214145ed9, type: 3}
  m_Name: 
  m_EditorClassIdentifier: 
  material: {fileID: 0}
  instanceMaterial: 1
  meshCenter: {x: 0, y: 0, z: 0}
  maxLights: 6
  raycast: 1
  raycastMask:
    serializedVersion: 2
    m_Bits: 8705
  raycastFadeSpeed: 10
--- !u!1 &1595647487661580659
GameObject:
  m_ObjectHideFlags: 0
  m_CorrespondingSourceObject: {fileID: 0}
  m_PrefabInstance: {fileID: 0}
  m_PrefabAsset: {fileID: 0}
  serializedVersion: 6
  m_Component:
  - component: {fileID: 8811954517710443121}
  m_Layer: 0
  m_Name: Steer
  m_TagString: Untagged
  m_Icon: {fileID: 0}
  m_NavMeshLayer: 0
  m_StaticEditorFlags: 0
  m_IsActive: 1
--- !u!4 &8811954517710443121
Transform:
  m_ObjectHideFlags: 0
  m_CorrespondingSourceObject: {fileID: 0}
  m_PrefabInstance: {fileID: 0}
  m_PrefabAsset: {fileID: 0}
  m_GameObject: {fileID: 1595647487661580659}
  m_LocalRotation: {x: -0.16748698, y: -1.37999e-12, z: 0.000000039924036, w: 0.9858743}
  m_LocalPosition: {x: -0.000002384717, y: 0.004312592, z: 0.0067969123}
  m_LocalScale: {x: 1, y: 1, z: 1}
  m_Children:
  - {fileID: 4784319477186643916}
  m_Father: {fileID: 203820740061496650}
  m_RootOrder: 2
  m_LocalEulerAnglesHint: {x: 0, y: 0, z: 0}
--- !u!1 &1699455153860596609
GameObject:
  m_ObjectHideFlags: 0
  m_CorrespondingSourceObject: {fileID: 0}
  m_PrefabInstance: {fileID: 0}
  m_PrefabAsset: {fileID: 0}
  serializedVersion: 6
  m_Component:
  - component: {fileID: 2080238452328171835}
  - component: {fileID: 5349802524886750017}
  m_Layer: 0
  m_Name: Test_bikess (3)
  m_TagString: Untagged
  m_Icon: {fileID: 0}
  m_NavMeshLayer: 0
  m_StaticEditorFlags: 0
  m_IsActive: 1
--- !u!4 &2080238452328171835
Transform:
  m_ObjectHideFlags: 0
  m_CorrespondingSourceObject: {fileID: 0}
  m_PrefabInstance: {fileID: 0}
  m_PrefabAsset: {fileID: 0}
  m_GameObject: {fileID: 1699455153860596609}
  m_LocalRotation: {x: -0, y: -0, z: -0, w: 1}
  m_LocalPosition: {x: 0, y: -0.6, z: 0}
  m_LocalScale: {x: 1, y: 1, z: 1}
  m_Children:
  - {fileID: 6948676590998575525}
  - {fileID: 5104563892125711361}
  - {fileID: 3845114874177534332}
  - {fileID: 6194241969448772884}
  - {fileID: 7133842384101002507}
  - {fileID: 4330913387603895896}
  m_Father: {fileID: 6576711813948025263}
  m_RootOrder: 0
  m_LocalEulerAnglesHint: {x: 0, y: 0, z: 0}
--- !u!95 &5349802524886750017
Animator:
  serializedVersion: 3
  m_ObjectHideFlags: 0
  m_CorrespondingSourceObject: {fileID: 0}
  m_PrefabInstance: {fileID: 0}
  m_PrefabAsset: {fileID: 0}
  m_GameObject: {fileID: 1699455153860596609}
  m_Enabled: 1
  m_Avatar: {fileID: 9000000, guid: 6f45f6c7491650247be7310ebc9be1ac, type: 3}
  m_Controller: {fileID: 9100000, guid: bdd0eae83f391484186fd55b3d42090b, type: 2}
  m_CullingMode: 1
  m_UpdateMode: 0
  m_ApplyRootMotion: 0
  m_LinearVelocityBlending: 0
  m_WarningMessage: 
  m_HasTransformHierarchy: 1
  m_AllowConstantClipSamplingOptimization: 1
  m_KeepAnimatorControllerStateOnDisable: 0
--- !u!1 &1781237194584531504
GameObject:
  m_ObjectHideFlags: 0
  m_CorrespondingSourceObject: {fileID: 0}
  m_PrefabInstance: {fileID: 0}
  m_PrefabAsset: {fileID: 0}
  serializedVersion: 6
  m_Component:
  - component: {fileID: 3752444844495620937}
  m_Layer: 0
  m_Name: hand.l
  m_TagString: Untagged
  m_Icon: {fileID: 0}
  m_NavMeshLayer: 0
  m_StaticEditorFlags: 0
  m_IsActive: 1
--- !u!4 &3752444844495620937
Transform:
  m_ObjectHideFlags: 0
  m_CorrespondingSourceObject: {fileID: 0}
  m_PrefabInstance: {fileID: 0}
  m_PrefabAsset: {fileID: 0}
  m_GameObject: {fileID: 1781237194584531504}
  m_LocalRotation: {x: -0.029105684, y: 0.8143449, z: 0.0966355, w: 0.57153904}
  m_LocalPosition: {x: -0, y: 0.23305282, z: 0.00000005493164}
  m_LocalScale: {x: 1.0000002, y: 1.0000002, z: 1.0000002}
  m_Children:
  - {fileID: 4862435025551222724}
  - {fileID: 8832567316722704634}
  - {fileID: 2897667264687135390}
  - {fileID: 2878603665283836490}
  m_Father: {fileID: 2005612250390807545}
  m_RootOrder: 0
  m_LocalEulerAnglesHint: {x: 0, y: 0, z: 0}
--- !u!1 &1842099638143231151
GameObject:
  m_ObjectHideFlags: 0
  m_CorrespondingSourceObject: {fileID: 0}
  m_PrefabInstance: {fileID: 0}
  m_PrefabAsset: {fileID: 0}
  serializedVersion: 6
  m_Component:
  - component: {fileID: 68444114781663735}
  m_Layer: 0
  m_Name: ring1.r
  m_TagString: Untagged
  m_Icon: {fileID: 0}
  m_NavMeshLayer: 0
  m_StaticEditorFlags: 0
  m_IsActive: 1
--- !u!4 &68444114781663735
Transform:
  m_ObjectHideFlags: 0
  m_CorrespondingSourceObject: {fileID: 0}
  m_PrefabInstance: {fileID: 0}
  m_PrefabAsset: {fileID: 0}
  m_GameObject: {fileID: 1842099638143231151}
  m_LocalRotation: {x: -0.010876752, y: 0.013896941, z: -0.2783871, w: 0.9603068}
  m_LocalPosition: {x: 0.000000073242184, y: 0.089979224, z: -0.0000001220703}
  m_LocalScale: {x: 1, y: 0.9999999, z: 1.0000001}
  m_Children:
  - {fileID: 2925747852331541839}
  m_Father: {fileID: 3000408164047247798}
  m_RootOrder: 0
  m_LocalEulerAnglesHint: {x: 0, y: 0, z: 0}
--- !u!1 &2150672145803476372
GameObject:
  m_ObjectHideFlags: 0
  m_CorrespondingSourceObject: {fileID: 0}
  m_PrefabInstance: {fileID: 0}
  m_PrefabAsset: {fileID: 0}
  serializedVersion: 6
  m_Component:
  - component: {fileID: 8416841070400128077}
  m_Layer: 0
  m_Name: middle3.l
  m_TagString: Untagged
  m_Icon: {fileID: 0}
  m_NavMeshLayer: 0
  m_StaticEditorFlags: 0
  m_IsActive: 1
--- !u!4 &8416841070400128077
Transform:
  m_ObjectHideFlags: 0
  m_CorrespondingSourceObject: {fileID: 0}
  m_PrefabInstance: {fileID: 0}
  m_PrefabAsset: {fileID: 0}
  m_GameObject: {fileID: 2150672145803476372}
  m_LocalRotation: {x: 0.025070138, y: 0.04414867, z: 0.057947695, w: 0.9970278}
  m_LocalPosition: {x: -0.000000018310546, y: 0.0743615, z: -0.00000009765625}
  m_LocalScale: {x: 1, y: 1.0000001, z: 1}
  m_Children: []
  m_Father: {fileID: 6340452061092673876}
  m_RootOrder: 0
  m_LocalEulerAnglesHint: {x: 0, y: 0, z: 0}
--- !u!1 &2175326043844689764
GameObject:
  m_ObjectHideFlags: 0
  m_CorrespondingSourceObject: {fileID: 0}
  m_PrefabInstance: {fileID: 0}
  m_PrefabAsset: {fileID: 0}
  serializedVersion: 6
  m_Component:
  - component: {fileID: 1548005918605895134}
  - component: {fileID: 4871685312243908516}
  - component: {fileID: 1696096170}
  m_Layer: 0
  m_Name: c_premans
  m_TagString: Untagged
  m_Icon: {fileID: 0}
  m_NavMeshLayer: 0
  m_StaticEditorFlags: 0
  m_IsActive: 1
--- !u!4 &1548005918605895134
Transform:
  m_ObjectHideFlags: 0
  m_CorrespondingSourceObject: {fileID: 0}
  m_PrefabInstance: {fileID: 0}
  m_PrefabAsset: {fileID: 0}
  m_GameObject: {fileID: 2175326043844689764}
  m_LocalRotation: {x: 0.00000014901163, y: 0.00000011920928, z: -1.9235151e-14, w: 1}
  m_LocalPosition: {x: -0, y: 0.00057, z: -0.00002}
  m_LocalScale: {x: 0.01, y: 0.0100000035, z: 0.0100000035}
  m_Children:
  - {fileID: 524824844941605617}
  - {fileID: 3414737239539084874}
  m_Father: {fileID: 203820740061496650}
  m_RootOrder: 1
  m_LocalEulerAnglesHint: {x: 0, y: 0, z: 0}
--- !u!95 &4871685312243908516
Animator:
  serializedVersion: 3
  m_ObjectHideFlags: 0
  m_CorrespondingSourceObject: {fileID: 0}
  m_PrefabInstance: {fileID: 0}
  m_PrefabAsset: {fileID: 0}
  m_GameObject: {fileID: 2175326043844689764}
  m_Enabled: 1
  m_Avatar: {fileID: 9000000, guid: 653d9016e192fb04791c96618c70d521, type: 3}
  m_Controller: {fileID: 9100000, guid: a14e459ae2441c94f85a0808fc6a7dfe, type: 2}
  m_CullingMode: 1
  m_UpdateMode: 0
  m_ApplyRootMotion: 0
  m_LinearVelocityBlending: 0
  m_WarningMessage: 
  m_HasTransformHierarchy: 1
  m_AllowConstantClipSamplingOptimization: 1
  m_KeepAnimatorControllerStateOnDisable: 0
--- !u!114 &1696096170
MonoBehaviour:
  m_ObjectHideFlags: 0
  m_CorrespondingSourceObject: {fileID: 0}
  m_PrefabInstance: {fileID: 0}
  m_PrefabAsset: {fileID: 0}
  m_GameObject: {fileID: 2175326043844689764}
  m_Enabled: 1
  m_EditorHideFlags: 0
  m_Script: {fileID: 11500000, guid: 9b8c4a61274f60b4ea5fb4299cfdbf14, type: 3}
  m_Name: 
  m_EditorClassIdentifier: 
  ShowLayerWeightsInspector: 1
  ShowParameterInspector: 1
  m_SynchronizeParameters:
  - Type: 1
    SynchronizeType: 2
    Name: Rotate
  - Type: 4
    SynchronizeType: 2
    Name: DoRotate
  - Type: 4
    SynchronizeType: 2
    Name: DoBoost
  m_SynchronizeLayers:
  - SynchronizeType: 1
    LayerIndex: 0
--- !u!1 &2865615153040407397
GameObject:
  m_ObjectHideFlags: 0
  m_CorrespondingSourceObject: {fileID: 0}
  m_PrefabInstance: {fileID: 0}
  m_PrefabAsset: {fileID: 0}
  serializedVersion: 6
  m_Component:
  - component: {fileID: 7476246607124274423}
  m_Layer: 0
  m_Name: leg_stretch.l
  m_TagString: Untagged
  m_Icon: {fileID: 0}
  m_NavMeshLayer: 0
  m_StaticEditorFlags: 0
  m_IsActive: 1
--- !u!4 &7476246607124274423
Transform:
  m_ObjectHideFlags: 0
  m_CorrespondingSourceObject: {fileID: 0}
  m_PrefabInstance: {fileID: 0}
  m_PrefabAsset: {fileID: 0}
  m_GameObject: {fileID: 2865615153040407397}
  m_LocalRotation: {x: 0.00000013411045, y: 0.0000002831221, z: -0.4428781, w: 0.8965818}
  m_LocalPosition: {x: 0.000000056076047, y: 0.20168339, z: 0.000000028991698}
  m_LocalScale: {x: 1.0000004, y: 0.99999994, z: 1}
  m_Children:
  - {fileID: 2107285093121436694}
  m_Father: {fileID: 2384786846291774803}
  m_RootOrder: 0
  m_LocalEulerAnglesHint: {x: 0, y: 0, z: 0}
--- !u!1 &2961970682652056021
GameObject:
  m_ObjectHideFlags: 0
  m_CorrespondingSourceObject: {fileID: 0}
  m_PrefabInstance: {fileID: 0}
  m_PrefabAsset: {fileID: 0}
  serializedVersion: 6
  m_Component:
  - component: {fileID: 5222727523296208454}
  m_Layer: 0
  m_Name: toes_01.l
  m_TagString: Untagged
  m_Icon: {fileID: 0}
  m_NavMeshLayer: 0
  m_StaticEditorFlags: 0
  m_IsActive: 1
--- !u!4 &5222727523296208454
Transform:
  m_ObjectHideFlags: 0
  m_CorrespondingSourceObject: {fileID: 0}
  m_PrefabInstance: {fileID: 0}
  m_PrefabAsset: {fileID: 0}
  m_GameObject: {fileID: 2961970682652056021}
  m_LocalRotation: {x: 0.0039917235, y: 0.9999255, z: -0.011529144, w: 0.00048451658}
  m_LocalPosition: {x: 0.0000000061035155, y: 0.106827, z: -0.000000042724608}
  m_LocalScale: {x: 0.99999976, y: 1.0000019, z: 0.99999714}
  m_Children: []
  m_Father: {fileID: 2107285093121436694}
  m_RootOrder: 0
  m_LocalEulerAnglesHint: {x: 0, y: 0, z: 0}
--- !u!1 &3007815143224829724
GameObject:
  m_ObjectHideFlags: 0
  m_CorrespondingSourceObject: {fileID: 0}
  m_PrefabInstance: {fileID: 0}
  m_PrefabAsset: {fileID: 0}
  serializedVersion: 6
  m_Component:
  - component: {fileID: 4123943239802067668}
  m_Layer: 0
  m_Name: Wheel_front_end
  m_TagString: Untagged
  m_Icon: {fileID: 0}
  m_NavMeshLayer: 0
  m_StaticEditorFlags: 0
  m_IsActive: 1
--- !u!4 &4123943239802067668
Transform:
  m_ObjectHideFlags: 0
  m_CorrespondingSourceObject: {fileID: 0}
  m_PrefabInstance: {fileID: 0}
  m_PrefabAsset: {fileID: 0}
  m_GameObject: {fileID: 3007815143224829724}
  m_LocalRotation: {x: 0, y: -0, z: -0, w: 1}
  m_LocalPosition: {x: -0, y: 0.00598034, z: 0}
  m_LocalScale: {x: 1, y: 1, z: 1}
  m_Children: []
  m_Father: {fileID: 4784319477186643916}
  m_RootOrder: 1
  m_LocalEulerAnglesHint: {x: 0, y: 0, z: 0}
--- !u!1 &3058822474913833678
GameObject:
  m_ObjectHideFlags: 0
  m_CorrespondingSourceObject: {fileID: 0}
  m_PrefabInstance: {fileID: 0}
  m_PrefabAsset: {fileID: 0}
  serializedVersion: 6
  m_Component:
  - component: {fileID: 3414737239539084874}
  m_Layer: 0
  m_Name: root
  m_TagString: Untagged
  m_Icon: {fileID: 0}
  m_NavMeshLayer: 0
  m_StaticEditorFlags: 0
  m_IsActive: 1
--- !u!4 &3414737239539084874
Transform:
  m_ObjectHideFlags: 0
  m_CorrespondingSourceObject: {fileID: 0}
  m_PrefabInstance: {fileID: 0}
  m_PrefabAsset: {fileID: 0}
  m_GameObject: {fileID: 3058822474913833678}
  m_LocalRotation: {x: -0.7071068, y: 2.5121487e-15, z: 2.512149e-15, w: 0.7071067}
  m_LocalPosition: {x: -0, y: -0.017404709, z: 0}
  m_LocalScale: {x: 1, y: 1, z: 1}
  m_Children:
  - {fileID: 5622046961790086012}
  m_Father: {fileID: 1548005918605895134}
  m_RootOrder: 1
  m_LocalEulerAnglesHint: {x: 0, y: 0, z: 0}
--- !u!1 &3267228248754107347
GameObject:
  m_ObjectHideFlags: 0
  m_CorrespondingSourceObject: {fileID: 0}
  m_PrefabInstance: {fileID: 0}
  m_PrefabAsset: {fileID: 0}
  serializedVersion: 6
  m_Component:
  - component: {fileID: 9179090480328337525}
  m_Layer: 0
  m_Name: middle1.r
  m_TagString: Untagged
  m_Icon: {fileID: 0}
  m_NavMeshLayer: 0
  m_StaticEditorFlags: 0
  m_IsActive: 1
--- !u!4 &9179090480328337525
Transform:
  m_ObjectHideFlags: 0
  m_CorrespondingSourceObject: {fileID: 0}
  m_PrefabInstance: {fileID: 0}
  m_PrefabAsset: {fileID: 0}
  m_GameObject: {fileID: 3267228248754107347}
  m_LocalRotation: {x: -0.031960323, y: -0.00016537288, z: -0.05803657, w: 0.99780273}
  m_LocalPosition: {x: 0.0000000030517577, y: 0.076490834, z: -0.00000011596679}
  m_LocalScale: {x: 1, y: 0.99999976, z: 0.99999994}
  m_Children:
  - {fileID: 9117061936590427776}
  m_Father: {fileID: 7474775063878940070}
  m_RootOrder: 0
  m_LocalEulerAnglesHint: {x: 0, y: 0, z: 0}
--- !u!1 &3532260790929205877
GameObject:
  m_ObjectHideFlags: 0
  m_CorrespondingSourceObject: {fileID: 0}
  m_PrefabInstance: {fileID: 0}
  m_PrefabAsset: {fileID: 0}
  serializedVersion: 6
  m_Component:
  - component: {fileID: 8999431691824691905}
  m_Layer: 0
  m_Name: shoulder.r
  m_TagString: Untagged
  m_Icon: {fileID: 0}
  m_NavMeshLayer: 0
  m_StaticEditorFlags: 0
  m_IsActive: 1
--- !u!4 &8999431691824691905
Transform:
  m_ObjectHideFlags: 0
  m_CorrespondingSourceObject: {fileID: 0}
  m_PrefabInstance: {fileID: 0}
  m_PrefabAsset: {fileID: 0}
  m_GameObject: {fileID: 3532260790929205877}
  m_LocalRotation: {x: -0.24150336, y: -0.39079624, z: 0.75684744, w: -0.46490473}
  m_LocalPosition: {x: 0.07084991, y: 0.06352621, z: 0.088210054}
  m_LocalScale: {x: 1, y: 0.9999998, z: 0.9999999}
  m_Children:
  - {fileID: 208290574813296154}
  m_Father: {fileID: 8970313367564869288}
  m_RootOrder: 2
  m_LocalEulerAnglesHint: {x: 0, y: 0, z: 0}
--- !u!1 &3645509271947124092
GameObject:
  m_ObjectHideFlags: 0
  m_CorrespondingSourceObject: {fileID: 0}
  m_PrefabInstance: {fileID: 0}
  m_PrefabAsset: {fileID: 0}
  serializedVersion: 6
  m_Component:
  - component: {fileID: 7474775063878940070}
  m_Layer: 0
  m_Name: middle1_base.r
  m_TagString: Untagged
  m_Icon: {fileID: 0}
  m_NavMeshLayer: 0
  m_StaticEditorFlags: 0
  m_IsActive: 1
--- !u!4 &7474775063878940070
Transform:
  m_ObjectHideFlags: 0
  m_CorrespondingSourceObject: {fileID: 0}
  m_PrefabInstance: {fileID: 0}
  m_PrefabAsset: {fileID: 0}
  m_GameObject: {fileID: 3645509271947124092}
  m_LocalRotation: {x: 0.025541974, y: 0.0005844534, z: 0.059813015, w: 0.9978826}
  m_LocalPosition: {x: -0.011271384, y: 0.07312165, z: 0.00066325377}
  m_LocalScale: {x: 0.9999999, y: 1, z: 1}
  m_Children:
  - {fileID: 9179090480328337525}
  m_Father: {fileID: 2047567344812150355}
  m_RootOrder: 1
  m_LocalEulerAnglesHint: {x: 0, y: 0, z: 0}
--- !u!1 &3764926794050832294
GameObject:
  m_ObjectHideFlags: 0
  m_CorrespondingSourceObject: {fileID: 0}
  m_PrefabInstance: {fileID: 0}
  m_PrefabAsset: {fileID: 0}
  serializedVersion: 6
  m_Component:
  - component: {fileID: 2277467218140738628}
  - component: {fileID: 8871945452073858692}
  - component: {fileID: 2321916133218618927}
  - component: {fileID: 8060838901429835024}
  m_Layer: 13
  m_Name: B
  m_TagString: Untagged
  m_Icon: {fileID: 0}
  m_NavMeshLayer: 0
  m_StaticEditorFlags: 0
  m_IsActive: 1
--- !u!4 &2277467218140738628
Transform:
  m_ObjectHideFlags: 0
  m_CorrespondingSourceObject: {fileID: 0}
  m_PrefabInstance: {fileID: 0}
  m_PrefabAsset: {fileID: 0}
  m_GameObject: {fileID: 3764926794050832294}
  m_LocalRotation: {x: -0.5000003, y: 0.50000036, z: -0.49999973, w: 0.49999967}
  m_LocalPosition: {x: 0.0001683163, y: -0.00014245883, z: 0.000018512173}
  m_LocalScale: {x: 1, y: 1, z: 1}
  m_Children: []
  m_Father: {fileID: 9063786017133784758}
  m_RootOrder: 0
  m_LocalEulerAnglesHint: {x: 0, y: 0, z: 0}
--- !u!33 &8871945452073858692
MeshFilter:
  m_ObjectHideFlags: 0
  m_CorrespondingSourceObject: {fileID: 0}
  m_PrefabInstance: {fileID: 0}
  m_PrefabAsset: {fileID: 0}
  m_GameObject: {fileID: 3764926794050832294}
  m_Mesh: {fileID: -7387706064836869012, guid: 3d45357bbcb51ed41afc769be8474cb8, type: 3}
--- !u!23 &2321916133218618927
MeshRenderer:
  m_ObjectHideFlags: 0
  m_CorrespondingSourceObject: {fileID: 0}
  m_PrefabInstance: {fileID: 0}
  m_PrefabAsset: {fileID: 0}
  m_GameObject: {fileID: 3764926794050832294}
  m_Enabled: 1
  m_CastShadows: 1
  m_ReceiveShadows: 1
  m_DynamicOccludee: 1
  m_MotionVectors: 1
  m_LightProbeUsage: 1
  m_ReflectionProbeUsage: 1
  m_RayTracingMode: 2
  m_RayTraceProcedural: 0
  m_RenderingLayerMask: 1
  m_RendererPriority: 0
  m_Materials:
  - {fileID: 2100000, guid: a4a94ec4e017deb4da6c42e9fb5fd9fc, type: 2}
  m_StaticBatchInfo:
    firstSubMesh: 0
    subMeshCount: 0
  m_StaticBatchRoot: {fileID: 0}
  m_ProbeAnchor: {fileID: 0}
  m_LightProbeVolumeOverride: {fileID: 0}
  m_ScaleInLightmap: 1
  m_ReceiveGI: 1
  m_PreserveUVs: 0
  m_IgnoreNormalsForChartDetection: 0
  m_ImportantGI: 0
  m_StitchLightmapSeams: 1
  m_SelectedEditorRenderState: 3
  m_MinimumChartSize: 4
  m_AutoUVMaxDistance: 0.5
  m_AutoUVMaxAngle: 89
  m_LightmapParameters: {fileID: 0}
  m_SortingLayerID: 0
  m_SortingLayer: 0
  m_SortingOrder: 0
  m_AdditionalVertexStreams: {fileID: 0}
--- !u!114 &8060838901429835024
MonoBehaviour:
  m_ObjectHideFlags: 0
  m_CorrespondingSourceObject: {fileID: 0}
  m_PrefabInstance: {fileID: 0}
  m_PrefabAsset: {fileID: 0}
  m_GameObject: {fileID: 3764926794050832294}
  m_Enabled: 1
  m_EditorHideFlags: 0
  m_Script: {fileID: 11500000, guid: 874b7a42758178144a81c76214145ed9, type: 3}
  m_Name: 
  m_EditorClassIdentifier: 
  material: {fileID: 0}
  instanceMaterial: 1
  meshCenter: {x: 0, y: 0, z: 0}
  maxLights: 6
  raycast: 1
  raycastMask:
    serializedVersion: 2
    m_Bits: 8705
  raycastFadeSpeed: 10
--- !u!1 &3792213784581209320
GameObject:
  m_ObjectHideFlags: 0
  m_CorrespondingSourceObject: {fileID: 0}
  m_PrefabInstance: {fileID: 0}
  m_PrefabAsset: {fileID: 0}
  serializedVersion: 6
  m_Component:
  - component: {fileID: 208290574813296154}
  m_Layer: 0
  m_Name: arm_stretch.r
  m_TagString: Untagged
  m_Icon: {fileID: 0}
  m_NavMeshLayer: 0
  m_StaticEditorFlags: 0
  m_IsActive: 1
--- !u!4 &208290574813296154
Transform:
  m_ObjectHideFlags: 0
  m_CorrespondingSourceObject: {fileID: 0}
  m_PrefabInstance: {fileID: 0}
  m_PrefabAsset: {fileID: 0}
  m_GameObject: {fileID: 3792213784581209320}
  m_LocalRotation: {x: 0.44358146, y: -0.14782189, z: 0.5315961, w: 0.7062505}
  m_LocalPosition: {x: 0.000000057983396, y: 0.23522119, z: -0.00000010781288}
  m_LocalScale: {x: 1, y: 0.99999964, z: 0.99999964}
  m_Children:
  - {fileID: 2084717890734994418}
  m_Father: {fileID: 8999431691824691905}
  m_RootOrder: 0
  m_LocalEulerAnglesHint: {x: 0, y: 0, z: 0}
--- !u!1 &3798044263303684108
GameObject:
  m_ObjectHideFlags: 0
  m_CorrespondingSourceObject: {fileID: 0}
  m_PrefabInstance: {fileID: 0}
  m_PrefabAsset: {fileID: 0}
  serializedVersion: 6
  m_Component:
  - component: {fileID: 8227031433635414831}
  m_Layer: 0
  m_Name: ring3.r
  m_TagString: Untagged
  m_Icon: {fileID: 0}
  m_NavMeshLayer: 0
  m_StaticEditorFlags: 0
  m_IsActive: 1
--- !u!4 &8227031433635414831
Transform:
  m_ObjectHideFlags: 0
  m_CorrespondingSourceObject: {fileID: 0}
  m_PrefabInstance: {fileID: 0}
  m_PrefabAsset: {fileID: 0}
  m_GameObject: {fileID: 3798044263303684108}
  m_LocalRotation: {x: 0.007381023, y: 0.0033686243, z: -0.028257636, w: 0.99956775}
  m_LocalPosition: {x: -0.0000001220703, y: 0.051741794, z: -0.000000085449216}
  m_LocalScale: {x: 1.0000001, y: 1.0000001, z: 0.99999994}
  m_Children: []
  m_Father: {fileID: 2925747852331541839}
  m_RootOrder: 0
  m_LocalEulerAnglesHint: {x: 0, y: 0, z: 0}
--- !u!1 &4164574073098015309
GameObject:
  m_ObjectHideFlags: 0
  m_CorrespondingSourceObject: {fileID: 0}
  m_PrefabInstance: {fileID: 0}
  m_PrefabAsset: {fileID: 0}
  serializedVersion: 6
  m_Component:
  - component: {fileID: 42376767418837049}
  m_Layer: 0
  m_Name: index2.r
  m_TagString: Untagged
  m_Icon: {fileID: 0}
  m_NavMeshLayer: 0
  m_StaticEditorFlags: 0
  m_IsActive: 1
--- !u!4 &42376767418837049
Transform:
  m_ObjectHideFlags: 0
  m_CorrespondingSourceObject: {fileID: 0}
  m_PrefabInstance: {fileID: 0}
  m_PrefabAsset: {fileID: 0}
  m_GameObject: {fileID: 4164574073098015309}
  m_LocalRotation: {x: -0.60091627, y: 0.016290884, z: 0.022104938, w: 0.79884017}
  m_LocalPosition: {x: 0.0016069275, y: 0.047735672, z: 0.010096866}
  m_LocalScale: {x: 0.9999999, y: 1, z: 0.99999994}
  m_Children:
  - {fileID: 4279714057394307818}
  m_Father: {fileID: 8159885290195158656}
  m_RootOrder: 0
  m_LocalEulerAnglesHint: {x: 0, y: 0, z: 0}
--- !u!1 &4168704300906383814
GameObject:
  m_ObjectHideFlags: 0
  m_CorrespondingSourceObject: {fileID: 0}
  m_PrefabInstance: {fileID: 0}
  m_PrefabAsset: {fileID: 0}
  serializedVersion: 6
  m_Component:
  - component: {fileID: 3845114874177534332}
  - component: {fileID: 151790642953635900}
  m_Layer: 0
  m_Name: Cylinder.002
  m_TagString: Untagged
  m_Icon: {fileID: 0}
  m_NavMeshLayer: 0
  m_StaticEditorFlags: 0
  m_IsActive: 1
--- !u!4 &3845114874177534332
Transform:
  m_ObjectHideFlags: 0
  m_CorrespondingSourceObject: {fileID: 0}
  m_PrefabInstance: {fileID: 0}
  m_PrefabAsset: {fileID: 0}
  m_GameObject: {fileID: 4168704300906383814}
  m_LocalRotation: {x: -0.7071068, y: 0, z: -0, w: 0.7071067}
  m_LocalPosition: {x: -1.157312e-34, y: 0.22345278, z: 0.8139975}
  m_LocalScale: {x: 97.21049, y: 97.21049, z: 97.21049}
  m_Children: []
  m_Father: {fileID: 2080238452328171835}
  m_RootOrder: 2
  m_LocalEulerAnglesHint: {x: 0, y: 0, z: 0}
--- !u!137 &151790642953635900
SkinnedMeshRenderer:
  m_ObjectHideFlags: 0
  m_CorrespondingSourceObject: {fileID: 0}
  m_PrefabInstance: {fileID: 0}
  m_PrefabAsset: {fileID: 0}
  m_GameObject: {fileID: 4168704300906383814}
  m_Enabled: 1
  m_CastShadows: 1
  m_ReceiveShadows: 1
  m_DynamicOccludee: 1
  m_MotionVectors: 1
  m_LightProbeUsage: 1
  m_ReflectionProbeUsage: 1
  m_RayTracingMode: 3
  m_RayTraceProcedural: 0
  m_RenderingLayerMask: 1
  m_RendererPriority: 0
  m_Materials:
  - {fileID: 2100000, guid: 88ad5d679c130a64ab2e34e04936e59f, type: 2}
  m_StaticBatchInfo:
    firstSubMesh: 0
    subMeshCount: 0
  m_StaticBatchRoot: {fileID: 0}
  m_ProbeAnchor: {fileID: 0}
  m_LightProbeVolumeOverride: {fileID: 0}
  m_ScaleInLightmap: 1
  m_ReceiveGI: 1
  m_PreserveUVs: 0
  m_IgnoreNormalsForChartDetection: 0
  m_ImportantGI: 0
  m_StitchLightmapSeams: 1
  m_SelectedEditorRenderState: 3
  m_MinimumChartSize: 4
  m_AutoUVMaxDistance: 0.5
  m_AutoUVMaxAngle: 89
  m_LightmapParameters: {fileID: 0}
  m_SortingLayerID: 0
  m_SortingLayer: 0
  m_SortingOrder: 0
  serializedVersion: 2
  m_Quality: 0
  m_UpdateWhenOffscreen: 0
  m_SkinnedMotionVectors: 1
  m_Mesh: {fileID: 8691780276856062721, guid: 6f45f6c7491650247be7310ebc9be1ac, type: 3}
  m_Bones:
  - {fileID: 203820740061496650}
  - {fileID: 9063786017133784758}
  - {fileID: 8811954517710443121}
  - {fileID: 4784319477186643916}
  m_BlendShapeWeights: []
  m_RootBone: {fileID: 203820740061496650}
  m_AABB:
    m_Center: {x: 0.0000000018626451, y: 0.0051665697, z: 0.0073996033}
    m_Extent: {x: 0.0017054408, y: 0.0039392356, z: 0.0030846703}
  m_DirtyAABB: 0
--- !u!1 &4182560374657749056
GameObject:
  m_ObjectHideFlags: 0
  m_CorrespondingSourceObject: {fileID: 0}
  m_PrefabInstance: {fileID: 0}
  m_PrefabAsset: {fileID: 0}
  serializedVersion: 6
  m_Component:
  - component: {fileID: 2836320180200311278}
  m_Layer: 0
  m_Name: thumb2.r
  m_TagString: Untagged
  m_Icon: {fileID: 0}
  m_NavMeshLayer: 0
  m_StaticEditorFlags: 0
  m_IsActive: 1
--- !u!4 &2836320180200311278
Transform:
  m_ObjectHideFlags: 0
  m_CorrespondingSourceObject: {fileID: 0}
  m_PrefabInstance: {fileID: 0}
  m_PrefabAsset: {fileID: 0}
  m_GameObject: {fileID: 4182560374657749056}
  m_LocalRotation: {x: 0.013153974, y: 0.09036909, z: 0.01776483, w: 0.995663}
  m_LocalPosition: {x: 0.000000059509276, y: 0.13419372, z: 0.00000035858153}
  m_LocalScale: {x: 1, y: 0.9999998, z: 0.9999997}
  m_Children:
  - {fileID: 8419326186058424679}
  m_Father: {fileID: 8715562140915438529}
  m_RootOrder: 0
  m_LocalEulerAnglesHint: {x: 0, y: 0, z: 0}
--- !u!1 &4716964033620428039
GameObject:
  m_ObjectHideFlags: 0
  m_CorrespondingSourceObject: {fileID: 0}
  m_PrefabInstance: {fileID: 0}
  m_PrefabAsset: {fileID: 0}
  serializedVersion: 6
  m_Component:
  - component: {fileID: 7235146861804620510}
  m_Layer: 0
  m_Name: ring3.l
  m_TagString: Untagged
  m_Icon: {fileID: 0}
  m_NavMeshLayer: 0
  m_StaticEditorFlags: 0
  m_IsActive: 1
--- !u!4 &7235146861804620510
Transform:
  m_ObjectHideFlags: 0
  m_CorrespondingSourceObject: {fileID: 0}
  m_PrefabInstance: {fileID: 0}
  m_PrefabAsset: {fileID: 0}
  m_GameObject: {fileID: 4716964033620428039}
  m_LocalRotation: {x: 0.0073832874, y: -0.003365148, z: 0.028256012, w: 0.9995678}
  m_LocalPosition: {x: 0.000000085449216, y: 0.051741745, z: -0.00000005493164}
  m_LocalScale: {x: 1.0000001, y: 1.0000001, z: 0.99999994}
  m_Children: []
  m_Father: {fileID: 7395112163434105312}
  m_RootOrder: 0
  m_LocalEulerAnglesHint: {x: 0, y: 0, z: 0}
--- !u!1 &4789753966202749499
GameObject:
  m_ObjectHideFlags: 0
  m_CorrespondingSourceObject: {fileID: 0}
  m_PrefabInstance: {fileID: 0}
  m_PrefabAsset: {fileID: 0}
  serializedVersion: 6
  m_Component:
  - component: {fileID: 7601496195611725853}
  m_Layer: 0
  m_Name: head.x
  m_TagString: Untagged
  m_Icon: {fileID: 0}
  m_NavMeshLayer: 0
  m_StaticEditorFlags: 0
  m_IsActive: 1
--- !u!4 &7601496195611725853
Transform:
  m_ObjectHideFlags: 0
  m_CorrespondingSourceObject: {fileID: 0}
  m_PrefabInstance: {fileID: 0}
  m_PrefabAsset: {fileID: 0}
  m_GameObject: {fileID: 4789753966202749499}
  m_LocalRotation: {x: -0.27877167, y: 0.006492138, z: 0.0018656118, w: 0.96033365}
  m_LocalPosition: {x: -0.0000000013639898, y: 0.1646999, z: -0.000000088505715}
  m_LocalScale: {x: 1, y: 1.0000001, z: 1}
  m_Children:
  - {fileID: 662741009300113856}
  - {fileID: 3942327732147994717}
  - {fileID: 3171633159969249447}
  m_Father: {fileID: 980874690110233291}
  m_RootOrder: 0
  m_LocalEulerAnglesHint: {x: 0, y: 0, z: 0}
--- !u!1 &4968888705555012918
GameObject:
  m_ObjectHideFlags: 0
  m_CorrespondingSourceObject: {fileID: 0}
  m_PrefabInstance: {fileID: 0}
  m_PrefabAsset: {fileID: 0}
  serializedVersion: 6
  m_Component:
  - component: {fileID: 4784319477186643916}
  m_Layer: 0
  m_Name: Wheel_front
  m_TagString: Untagged
  m_Icon: {fileID: 0}
  m_NavMeshLayer: 0
  m_StaticEditorFlags: 0
  m_IsActive: 1
--- !u!4 &4784319477186643916
Transform:
  m_ObjectHideFlags: 0
  m_CorrespondingSourceObject: {fileID: 0}
  m_PrefabInstance: {fileID: 0}
  m_PrefabAsset: {fileID: 0}
  m_GameObject: {fileID: 4968888705555012918}
  m_LocalRotation: {x: 0.11843146, y: -0.1184313, z: 0.69711834, w: 0.6971184}
  m_LocalPosition: {x: -0.0001505848, y: -0.0024174354, z: 0.0005529984}
  m_LocalScale: {x: 0.99999994, y: 0.99999994, z: 1}
  m_Children:
  - {fileID: 7302097828695584285}
  - {fileID: 4123943239802067668}
  m_Father: {fileID: 8811954517710443121}
  m_RootOrder: 0
  m_LocalEulerAnglesHint: {x: 0, y: 0, z: 0}
--- !u!1 &4981449579518202908
GameObject:
  m_ObjectHideFlags: 0
  m_CorrespondingSourceObject: {fileID: 0}
  m_PrefabInstance: {fileID: 0}
  m_PrefabAsset: {fileID: 0}
  serializedVersion: 6
  m_Component:
  - component: {fileID: 8066027422344734053}
  m_Layer: 0
  m_Name: index1.l
  m_TagString: Untagged
  m_Icon: {fileID: 0}
  m_NavMeshLayer: 0
  m_StaticEditorFlags: 0
  m_IsActive: 1
--- !u!4 &8066027422344734053
Transform:
  m_ObjectHideFlags: 0
  m_CorrespondingSourceObject: {fileID: 0}
  m_PrefabInstance: {fileID: 0}
  m_PrefabAsset: {fileID: 0}
  m_GameObject: {fileID: 4981449579518202908}
  m_LocalRotation: {x: -0.0935155, y: -0.008575214, z: -0.12663966, w: 0.9874937}
  m_LocalPosition: {x: 0.000000012207031, y: 0.09652628, z: -0.000000091552735}
  m_LocalScale: {x: 1, y: 0.9999999, z: 0.99999994}
  m_Children:
  - {fileID: 8068780912171730268}
  m_Father: {fileID: 4862435025551222724}
  m_RootOrder: 0
  m_LocalEulerAnglesHint: {x: 0, y: 0, z: 0}
--- !u!1 &5095480276838366488
GameObject:
  m_ObjectHideFlags: 0
  m_CorrespondingSourceObject: {fileID: 0}
  m_PrefabInstance: {fileID: 0}
  m_PrefabAsset: {fileID: 0}
  serializedVersion: 6
  m_Component:
  - component: {fileID: 8068780912171730268}
  m_Layer: 0
  m_Name: index2.l
  m_TagString: Untagged
  m_Icon: {fileID: 0}
  m_NavMeshLayer: 0
  m_StaticEditorFlags: 0
  m_IsActive: 1
--- !u!4 &8068780912171730268
Transform:
  m_ObjectHideFlags: 0
  m_CorrespondingSourceObject: {fileID: 0}
  m_PrefabInstance: {fileID: 0}
  m_PrefabAsset: {fileID: 0}
  m_GameObject: {fileID: 5095480276838366488}
  m_LocalRotation: {x: -0.60091716, y: -0.016289676, z: -0.022102188, w: 0.79883957}
  m_LocalPosition: {x: -0.0016068481, y: 0.04773567, z: 0.010096701}
  m_LocalScale: {x: 1, y: 0.99999994, z: 0.9999998}
  m_Children:
  - {fileID: 1684348884826852915}
  m_Father: {fileID: 8066027422344734053}
  m_RootOrder: 0
  m_LocalEulerAnglesHint: {x: 0, y: 0, z: 0}
--- !u!1 &5170636964069757593
GameObject:
  m_ObjectHideFlags: 0
  m_CorrespondingSourceObject: {fileID: 0}
  m_PrefabInstance: {fileID: 0}
  m_PrefabAsset: {fileID: 0}
  serializedVersion: 6
  m_Component:
  - component: {fileID: 8756954544987778842}
  m_Layer: 0
  m_Name: thumb2.l
  m_TagString: Untagged
  m_Icon: {fileID: 0}
  m_NavMeshLayer: 0
  m_StaticEditorFlags: 0
  m_IsActive: 1
--- !u!4 &8756954544987778842
Transform:
  m_ObjectHideFlags: 0
  m_CorrespondingSourceObject: {fileID: 0}
  m_PrefabInstance: {fileID: 0}
  m_PrefabAsset: {fileID: 0}
  m_GameObject: {fileID: 5170636964069757593}
  m_LocalRotation: {x: 0.013154202, y: -0.090369344, z: -0.017765, w: 0.995663}
  m_LocalPosition: {x: -0.0000000030517577, y: 0.13419366, z: 0.00000023498535}
  m_LocalScale: {x: 1.0000001, y: 0.99999994, z: 0.99999976}
  m_Children:
  - {fileID: 7810860606522013279}
  m_Father: {fileID: 2878603665283836490}
  m_RootOrder: 0
  m_LocalEulerAnglesHint: {x: 0, y: 0, z: 0}
--- !u!1 &5421905085152032227
GameObject:
  m_ObjectHideFlags: 0
  m_CorrespondingSourceObject: {fileID: 0}
  m_PrefabInstance: {fileID: 0}
  m_PrefabAsset: {fileID: 0}
  serializedVersion: 6
  m_Component:
  - component: {fileID: 524824844941605617}
  - component: {fileID: 2985812449308578857}
  m_Layer: 0
  m_Name: 2
  m_TagString: Untagged
  m_Icon: {fileID: 0}
  m_NavMeshLayer: 0
  m_StaticEditorFlags: 0
  m_IsActive: 1
--- !u!4 &524824844941605617
Transform:
  m_ObjectHideFlags: 0
  m_CorrespondingSourceObject: {fileID: 0}
  m_PrefabInstance: {fileID: 0}
  m_PrefabAsset: {fileID: 0}
  m_GameObject: {fileID: 5421905085152032227}
  m_LocalRotation: {x: -0.7071068, y: 5.0242975e-15, z: 5.024298e-15, w: 0.7071067}
  m_LocalPosition: {x: -0, y: -0.01757876, z: 0}
  m_LocalScale: {x: 1, y: 0.99999994, z: 0.99999994}
  m_Children: []
  m_Father: {fileID: 1548005918605895134}
  m_RootOrder: 0
  m_LocalEulerAnglesHint: {x: 0, y: 0, z: 0}
--- !u!137 &2985812449308578857
SkinnedMeshRenderer:
  m_ObjectHideFlags: 0
  m_CorrespondingSourceObject: {fileID: 0}
  m_PrefabInstance: {fileID: 0}
  m_PrefabAsset: {fileID: 0}
  m_GameObject: {fileID: 5421905085152032227}
  m_Enabled: 1
  m_CastShadows: 1
  m_ReceiveShadows: 1
  m_DynamicOccludee: 1
  m_MotionVectors: 1
  m_LightProbeUsage: 1
  m_ReflectionProbeUsage: 1
  m_RayTracingMode: 3
  m_RayTraceProcedural: 0
  m_RenderingLayerMask: 1
  m_RendererPriority: 0
  m_Materials:
  - {fileID: 2100000, guid: ba9406e556b108a4fb40195574b7110e, type: 2}
  m_StaticBatchInfo:
    firstSubMesh: 0
    subMeshCount: 0
  m_StaticBatchRoot: {fileID: 0}
  m_ProbeAnchor: {fileID: 0}
  m_LightProbeVolumeOverride: {fileID: 0}
  m_ScaleInLightmap: 1
  m_ReceiveGI: 1
  m_PreserveUVs: 0
  m_IgnoreNormalsForChartDetection: 0
  m_ImportantGI: 0
  m_StitchLightmapSeams: 1
  m_SelectedEditorRenderState: 3
  m_MinimumChartSize: 4
  m_AutoUVMaxDistance: 0.5
  m_AutoUVMaxAngle: 89
  m_LightmapParameters: {fileID: 0}
  m_SortingLayerID: 0
  m_SortingLayer: 0
  m_SortingOrder: 0
  serializedVersion: 2
  m_Quality: 0
  m_UpdateWhenOffscreen: 0
  m_SkinnedMotionVectors: 1
  m_Mesh: {fileID: -7969978266939365281, guid: 653d9016e192fb04791c96618c70d521, type: 3}
  m_Bones:
  - {fileID: 5622046961790086012}
  - {fileID: 8591084591741746741}
  - {fileID: 8970313367564869288}
  - {fileID: 980874690110233291}
  - {fileID: 7601496195611725853}
  - {fileID: 662741009300113856}
  - {fileID: 3942327732147994717}
  - {fileID: 3171633159969249447}
  - {fileID: 8999431691824691905}
  - {fileID: 208290574813296154}
  - {fileID: 2084717890734994418}
  - {fileID: 2047567344812150355}
  - {fileID: 8715562140915438529}
  - {fileID: 2836320180200311278}
  - {fileID: 8419326186058424679}
  - {fileID: 4181118589464880889}
  - {fileID: 8159885290195158656}
  - {fileID: 42376767418837049}
  - {fileID: 4279714057394307818}
  - {fileID: 7474775063878940070}
  - {fileID: 9179090480328337525}
  - {fileID: 9117061936590427776}
  - {fileID: 4381063276771906668}
  - {fileID: 3000408164047247798}
  - {fileID: 68444114781663735}
  - {fileID: 2925747852331541839}
  - {fileID: 8227031433635414831}
  - {fileID: 9050024035823443697}
  - {fileID: 3114349175180611016}
  - {fileID: 2005612250390807545}
  - {fileID: 3752444844495620937}
  - {fileID: 2878603665283836490}
  - {fileID: 8756954544987778842}
  - {fileID: 7810860606522013279}
  - {fileID: 4862435025551222724}
  - {fileID: 8066027422344734053}
  - {fileID: 8068780912171730268}
  - {fileID: 1684348884826852915}
  - {fileID: 8832567316722704634}
  - {fileID: 2514883795571123357}
  - {fileID: 6340452061092673876}
  - {fileID: 8416841070400128077}
  - {fileID: 2897667264687135390}
  - {fileID: 5446729807643367108}
  - {fileID: 7395112163434105312}
  - {fileID: 7235146861804620510}
  - {fileID: 2384786846291774803}
  - {fileID: 7476246607124274423}
  - {fileID: 2107285093121436694}
  - {fileID: 5222727523296208454}
  - {fileID: 9029154801437358170}
  - {fileID: 361434988425015539}
  - {fileID: 3576995955941897176}
  - {fileID: 1181764208853184094}
  m_BlendShapeWeights: []
  m_RootBone: {fileID: 5622046961790086012}
  m_AABB:
    m_Center: {x: 0.0000018775463, y: 0.44766563, z: 0.1120812}
    m_Extent: {x: 0.62442386, y: 0.904764, z: 0.5582738}
  m_DirtyAABB: 0
--- !u!1 &5536155418779059548
GameObject:
  m_ObjectHideFlags: 0
  m_CorrespondingSourceObject: {fileID: 0}
  m_PrefabInstance: {fileID: 0}
  m_PrefabAsset: {fileID: 0}
  serializedVersion: 6
  m_Component:
  - component: {fileID: 2897667264687135390}
  m_Layer: 0
  m_Name: ring1_base.l
  m_TagString: Untagged
  m_Icon: {fileID: 0}
  m_NavMeshLayer: 0
  m_StaticEditorFlags: 0
  m_IsActive: 1
--- !u!4 &2897667264687135390
Transform:
  m_ObjectHideFlags: 0
  m_CorrespondingSourceObject: {fileID: 0}
  m_PrefabInstance: {fileID: 0}
  m_PrefabAsset: {fileID: 0}
  m_GameObject: {fileID: 5536155418779059548}
  m_LocalRotation: {x: -0.008845325, y: 0.008589024, z: -0.3367954, w: 0.94149715}
  m_LocalPosition: {x: 0.035365175, y: 0.06983518, z: 0.00021982727}
  m_LocalScale: {x: 0.9999998, y: 0.99999976, z: 1}
  m_Children:
  - {fileID: 5446729807643367108}
  m_Father: {fileID: 3752444844495620937}
  m_RootOrder: 2
  m_LocalEulerAnglesHint: {x: 0, y: 0, z: 0}
--- !u!1 &5537502227033163725
GameObject:
  m_ObjectHideFlags: 0
  m_CorrespondingSourceObject: {fileID: 0}
  m_PrefabInstance: {fileID: 0}
  m_PrefabAsset: {fileID: 0}
  serializedVersion: 6
  m_Component:
  - component: {fileID: 4330913387603895896}
  - component: {fileID: 4190795660723314933}
  m_Layer: 11
  m_Name: Cylinder.012
  m_TagString: Untagged
  m_Icon: {fileID: 0}
  m_NavMeshLayer: 0
  m_StaticEditorFlags: 0
  m_IsActive: 1
--- !u!4 &4330913387603895896
Transform:
  m_ObjectHideFlags: 0
  m_CorrespondingSourceObject: {fileID: 0}
  m_PrefabInstance: {fileID: 0}
  m_PrefabAsset: {fileID: 0}
  m_GameObject: {fileID: 5537502227033163725}
  m_LocalRotation: {x: -0.7071068, y: 0, z: -0, w: 0.7071067}
  m_LocalPosition: {x: -1.157312e-34, y: 0.22345278, z: 0.8139975}
  m_LocalScale: {x: 97.21049, y: 97.21049, z: 97.21049}
  m_Children: []
  m_Father: {fileID: 2080238452328171835}
  m_RootOrder: 5
  m_LocalEulerAnglesHint: {x: 0, y: 0, z: 0}
--- !u!137 &4190795660723314933
SkinnedMeshRenderer:
  m_ObjectHideFlags: 0
  m_CorrespondingSourceObject: {fileID: 0}
  m_PrefabInstance: {fileID: 0}
  m_PrefabAsset: {fileID: 0}
  m_GameObject: {fileID: 5537502227033163725}
  m_Enabled: 1
  m_CastShadows: 1
  m_ReceiveShadows: 1
  m_DynamicOccludee: 1
  m_MotionVectors: 1
  m_LightProbeUsage: 1
  m_ReflectionProbeUsage: 1
  m_RayTracingMode: 3
  m_RayTraceProcedural: 0
  m_RenderingLayerMask: 1
  m_RendererPriority: 0
  m_Materials:
  - {fileID: 2100000, guid: 88ad5d679c130a64ab2e34e04936e59f, type: 2}
  m_StaticBatchInfo:
    firstSubMesh: 0
    subMeshCount: 0
  m_StaticBatchRoot: {fileID: 0}
  m_ProbeAnchor: {fileID: 0}
  m_LightProbeVolumeOverride: {fileID: 0}
  m_ScaleInLightmap: 1
  m_ReceiveGI: 1
  m_PreserveUVs: 0
  m_IgnoreNormalsForChartDetection: 0
  m_ImportantGI: 0
  m_StitchLightmapSeams: 1
  m_SelectedEditorRenderState: 3
  m_MinimumChartSize: 4
  m_AutoUVMaxDistance: 0.5
  m_AutoUVMaxAngle: 89
  m_LightmapParameters: {fileID: 0}
  m_SortingLayerID: 0
  m_SortingLayer: 0
  m_SortingOrder: 0
  serializedVersion: 2
  m_Quality: 0
  m_UpdateWhenOffscreen: 0
  m_SkinnedMotionVectors: 1
  m_Mesh: {fileID: -5308210633308118684, guid: 6f45f6c7491650247be7310ebc9be1ac, type: 3}
  m_Bones:
  - {fileID: 203820740061496650}
  - {fileID: 9063786017133784758}
  - {fileID: 8811954517710443121}
  - {fileID: 4784319477186643916}
  m_BlendShapeWeights: []
  m_RootBone: {fileID: 203820740061496650}
  m_AABB:
    m_Center: {x: 0.0000000019790605, y: 0.002234527, z: 0.0081399735}
    m_Extent: {x: 0.0010644816, y: 0.0020640977, z: 0.0020637882}
  m_DirtyAABB: 0
--- !u!1 &5540702511804457568
GameObject:
  m_ObjectHideFlags: 0
  m_CorrespondingSourceObject: {fileID: 0}
  m_PrefabInstance: {fileID: 0}
  m_PrefabAsset: {fileID: 0}
  serializedVersion: 6
  m_Component:
  - component: {fileID: 8237587038919000208}
  m_Layer: 0
  m_Name: Wheel_back_end
  m_TagString: Untagged
  m_Icon: {fileID: 0}
  m_NavMeshLayer: 0
  m_StaticEditorFlags: 0
  m_IsActive: 1
--- !u!4 &8237587038919000208
Transform:
  m_ObjectHideFlags: 0
  m_CorrespondingSourceObject: {fileID: 0}
  m_PrefabInstance: {fileID: 0}
  m_PrefabAsset: {fileID: 0}
  m_GameObject: {fileID: 5540702511804457568}
  m_LocalRotation: {x: 0, y: -0, z: -0, w: 1}
  m_LocalPosition: {x: -0, y: 0.00598034, z: 0}
  m_LocalScale: {x: 1, y: 1, z: 1}
  m_Children: []
  m_Father: {fileID: 9063786017133784758}
  m_RootOrder: 1
  m_LocalEulerAnglesHint: {x: 0, y: 0, z: 0}
--- !u!1 &5603467178087055225
GameObject:
  m_ObjectHideFlags: 0
  m_CorrespondingSourceObject: {fileID: 0}
  m_PrefabInstance: {fileID: 0}
  m_PrefabAsset: {fileID: 0}
  serializedVersion: 6
  m_Component:
  - component: {fileID: 2084717890734994418}
  m_Layer: 0
  m_Name: forearm_stretch.r
  m_TagString: Untagged
  m_Icon: {fileID: 0}
  m_NavMeshLayer: 0
  m_StaticEditorFlags: 0
  m_IsActive: 1
--- !u!4 &2084717890734994418
Transform:
  m_ObjectHideFlags: 0
  m_CorrespondingSourceObject: {fileID: 0}
  m_PrefabInstance: {fileID: 0}
  m_PrefabAsset: {fileID: 0}
  m_GameObject: {fileID: 5603467178087055225}
  m_LocalRotation: {x: 0.0000007040799, y: 0.0000005662442, z: 0.48797393, w: 0.8728582}
  m_LocalPosition: {x: 0.00000017395018, y: 0.25171533, z: -0.00000001411438}
  m_LocalScale: {x: 0.99999976, y: 0.9999991, z: 0.9999998}
  m_Children:
  - {fileID: 2047567344812150355}
  m_Father: {fileID: 208290574813296154}
  m_RootOrder: 0
  m_LocalEulerAnglesHint: {x: 0, y: 0, z: 0}
--- !u!1 &5606336267959074010
GameObject:
  m_ObjectHideFlags: 0
  m_CorrespondingSourceObject: {fileID: 0}
  m_PrefabInstance: {fileID: 0}
  m_PrefabAsset: {fileID: 0}
  serializedVersion: 6
  m_Component:
  - component: {fileID: 8715562140915438529}
  m_Layer: 0
  m_Name: thumb1.r
  m_TagString: Untagged
  m_Icon: {fileID: 0}
  m_NavMeshLayer: 0
  m_StaticEditorFlags: 0
  m_IsActive: 1
--- !u!4 &8715562140915438529
Transform:
  m_ObjectHideFlags: 0
  m_CorrespondingSourceObject: {fileID: 0}
  m_PrefabInstance: {fileID: 0}
  m_PrefabAsset: {fileID: 0}
  m_GameObject: {fileID: 5606336267959074010}
  m_LocalRotation: {x: 0.019351674, y: 0.8587581, z: -0.47575206, w: 0.18926184}
  m_LocalPosition: {x: 0.050861172, y: 0.059011225, z: -0.0015209869}
  m_LocalScale: {x: 0.9999998, y: 0.99999976, z: 0.99999994}
  m_Children:
  - {fileID: 2836320180200311278}
  m_Father: {fileID: 2047567344812150355}
  m_RootOrder: 3
  m_LocalEulerAnglesHint: {x: 0, y: 0, z: 0}
--- !u!1 &5812362546333894739
GameObject:
  m_ObjectHideFlags: 0
  m_CorrespondingSourceObject: {fileID: 0}
  m_PrefabInstance: {fileID: 0}
  m_PrefabAsset: {fileID: 0}
  serializedVersion: 6
  m_Component:
  - component: {fileID: 7395112163434105312}
  m_Layer: 0
  m_Name: ring2.l
  m_TagString: Untagged
  m_Icon: {fileID: 0}
  m_NavMeshLayer: 0
  m_StaticEditorFlags: 0
  m_IsActive: 1
--- !u!4 &7395112163434105312
Transform:
  m_ObjectHideFlags: 0
  m_CorrespondingSourceObject: {fileID: 0}
  m_PrefabInstance: {fileID: 0}
  m_PrefabAsset: {fileID: 0}
  m_GameObject: {fileID: 5812362546333894739}
  m_LocalRotation: {x: -0.666614, y: 0.04650218, z: 0.105373085, w: 0.73645085}
  m_LocalPosition: {x: -0.00073188625, y: 0.06219065, z: -0.0104137445}
  m_LocalScale: {x: 0.99999964, y: 0.9999999, z: 0.99999994}
  m_Children:
  - {fileID: 7235146861804620510}
  m_Father: {fileID: 5446729807643367108}
  m_RootOrder: 0
  m_LocalEulerAnglesHint: {x: 0, y: 0, z: 0}
--- !u!1 &5907634540198436353
GameObject:
  m_ObjectHideFlags: 0
  m_CorrespondingSourceObject: {fileID: 0}
  m_PrefabInstance: {fileID: 0}
  m_PrefabAsset: {fileID: 0}
  serializedVersion: 6
  m_Component:
  - component: {fileID: 2514883795571123357}
  m_Layer: 0
  m_Name: middle1.l
  m_TagString: Untagged
  m_Icon: {fileID: 0}
  m_NavMeshLayer: 0
  m_StaticEditorFlags: 0
  m_IsActive: 1
--- !u!4 &2514883795571123357
Transform:
  m_ObjectHideFlags: 0
  m_CorrespondingSourceObject: {fileID: 0}
  m_PrefabInstance: {fileID: 0}
  m_PrefabAsset: {fileID: 0}
  m_GameObject: {fileID: 5907634540198436353}
  m_LocalRotation: {x: -0.031956326, y: 0.00015196156, z: 0.058035426, w: 0.9978029}
  m_LocalPosition: {x: -0.0000000061035155, y: 0.07649085, z: -0.000000085449216}
  m_LocalScale: {x: 0.9999999, y: 0.9999999, z: 0.9999999}
  m_Children:
  - {fileID: 6340452061092673876}
  m_Father: {fileID: 8832567316722704634}
  m_RootOrder: 0
  m_LocalEulerAnglesHint: {x: 0, y: 0, z: 0}
--- !u!1 &5966136385225097486
GameObject:
  m_ObjectHideFlags: 0
  m_CorrespondingSourceObject: {fileID: 0}
  m_PrefabInstance: {fileID: 0}
  m_PrefabAsset: {fileID: 0}
  serializedVersion: 6
  m_Component:
  - component: {fileID: 2384786846291774803}
  m_Layer: 0
  m_Name: thigh_stretch.l
  m_TagString: Untagged
  m_Icon: {fileID: 0}
  m_NavMeshLayer: 0
  m_StaticEditorFlags: 0
  m_IsActive: 1
--- !u!4 &2384786846291774803
Transform:
  m_ObjectHideFlags: 0
  m_CorrespondingSourceObject: {fileID: 0}
  m_PrefabInstance: {fileID: 0}
  m_PrefabAsset: {fileID: 0}
  m_GameObject: {fileID: 5966136385225097486}
  m_LocalRotation: {x: 0.7920141, y: -0.44737226, z: -0.115306586, w: 0.3990941}
  m_LocalPosition: {x: -0.103521705, y: -3.8135495e-10, z: 0.0000017170017}
  m_LocalScale: {x: 0.99999994, y: 0.99999946, z: 0.9999999}
  m_Children:
  - {fileID: 7476246607124274423}
  m_Father: {fileID: 5622046961790086012}
  m_RootOrder: 1
  m_LocalEulerAnglesHint: {x: 0, y: 0, z: 0}
--- !u!1 &6073966655481436024
GameObject:
  m_ObjectHideFlags: 0
  m_CorrespondingSourceObject: {fileID: 0}
  m_PrefabInstance: {fileID: 0}
  m_PrefabAsset: {fileID: 0}
  serializedVersion: 6
  m_Component:
  - component: {fileID: 1181764208853184094}
  m_Layer: 0
  m_Name: toes_01.r
  m_TagString: Untagged
  m_Icon: {fileID: 0}
  m_NavMeshLayer: 0
  m_StaticEditorFlags: 0
  m_IsActive: 1
--- !u!4 &1181764208853184094
Transform:
  m_ObjectHideFlags: 0
  m_CorrespondingSourceObject: {fileID: 0}
  m_PrefabInstance: {fileID: 0}
  m_PrefabAsset: {fileID: 0}
  m_GameObject: {fileID: 6073966655481436024}
  m_LocalRotation: {x: -0.00399089, y: 0.99992543, z: -0.0115303565, w: -0.0004871847}
  m_LocalPosition: {x: 0.0000000061035155, y: 0.10682702, z: -0.00000006408691}
  m_LocalScale: {x: 1.0000002, y: 1.0000015, z: 0.99999684}
  m_Children: []
  m_Father: {fileID: 3576995955941897176}
  m_RootOrder: 0
  m_LocalEulerAnglesHint: {x: 0, y: 0, z: 0}
--- !u!1 &6097941174868451722
GameObject:
  m_ObjectHideFlags: 0
  m_CorrespondingSourceObject: {fileID: 0}
  m_PrefabInstance: {fileID: 0}
  m_PrefabAsset: {fileID: 0}
  serializedVersion: 6
  m_Component:
  - component: {fileID: 9050024035823443697}
  m_Layer: 0
  m_Name: shoulder.l
  m_TagString: Untagged
  m_Icon: {fileID: 0}
  m_NavMeshLayer: 0
  m_StaticEditorFlags: 0
  m_IsActive: 1
--- !u!4 &9050024035823443697
Transform:
  m_ObjectHideFlags: 0
  m_CorrespondingSourceObject: {fileID: 0}
  m_PrefabInstance: {fileID: 0}
  m_PrefabAsset: {fileID: 0}
  m_GameObject: {fileID: 6097941174868451722}
  m_LocalRotation: {x: 0.24150063, y: -0.39079687, z: 0.756847, w: 0.4649063}
  m_LocalPosition: {x: -0.07084981, y: 0.0635261, z: 0.08821015}
  m_LocalScale: {x: 0.99999994, y: 1.0000001, z: 1}
  m_Children:
  - {fileID: 3114349175180611016}
  m_Father: {fileID: 8970313367564869288}
  m_RootOrder: 1
  m_LocalEulerAnglesHint: {x: 0, y: 0, z: 0}
--- !u!1 &6255605000239961546
GameObject:
  m_ObjectHideFlags: 0
  m_CorrespondingSourceObject: {fileID: 0}
  m_PrefabInstance: {fileID: 0}
  m_PrefabAsset: {fileID: 0}
  serializedVersion: 6
  m_Component:
  - component: {fileID: 5446729807643367108}
  m_Layer: 0
  m_Name: ring1.l
  m_TagString: Untagged
  m_Icon: {fileID: 0}
  m_NavMeshLayer: 0
  m_StaticEditorFlags: 0
  m_IsActive: 1
--- !u!4 &5446729807643367108
Transform:
  m_ObjectHideFlags: 0
  m_CorrespondingSourceObject: {fileID: 0}
  m_PrefabInstance: {fileID: 0}
  m_PrefabAsset: {fileID: 0}
  m_GameObject: {fileID: 6255605000239961546}
  m_LocalRotation: {x: -0.010880399, y: -0.013890697, z: 0.27838418, w: 0.9603077}
  m_LocalPosition: {x: -0.000000024414062, y: 0.089979395, z: -0.00000020446777}
  m_LocalScale: {x: 1, y: 1.0000001, z: 1.0000002}
  m_Children:
  - {fileID: 7395112163434105312}
  m_Father: {fileID: 2897667264687135390}
  m_RootOrder: 0
  m_LocalEulerAnglesHint: {x: 0, y: 0, z: 0}
--- !u!1 &6410109537920748196
GameObject:
  m_ObjectHideFlags: 0
  m_CorrespondingSourceObject: {fileID: 0}
  m_PrefabInstance: {fileID: 0}
  m_PrefabAsset: {fileID: 0}
  serializedVersion: 6
  m_Component:
  - component: {fileID: 2005612250390807545}
  m_Layer: 0
  m_Name: forearm_stretch.l
  m_TagString: Untagged
  m_Icon: {fileID: 0}
  m_NavMeshLayer: 0
  m_StaticEditorFlags: 0
  m_IsActive: 1
--- !u!4 &2005612250390807545
Transform:
  m_ObjectHideFlags: 0
  m_CorrespondingSourceObject: {fileID: 0}
  m_PrefabInstance: {fileID: 0}
  m_PrefabAsset: {fileID: 0}
  m_GameObject: {fileID: 6410109537920748196}
  m_LocalRotation: {x: 0.0000012665984, y: 0.00000008940695, z: -0.48797366, w: 0.87285835}
  m_LocalPosition: {x: -0.00000014343262, y: 0.25171524, z: 0.0000000793457}
  m_LocalScale: {x: 0.9999997, y: 0.9999992, z: 0.9999997}
  m_Children:
  - {fileID: 3752444844495620937}
  m_Father: {fileID: 3114349175180611016}
  m_RootOrder: 0
  m_LocalEulerAnglesHint: {x: 0, y: 0, z: 0}
--- !u!1 &6434834198613826517
GameObject:
  m_ObjectHideFlags: 0
  m_CorrespondingSourceObject: {fileID: 0}
  m_PrefabInstance: {fileID: 0}
  m_PrefabAsset: {fileID: 0}
  serializedVersion: 6
  m_Component:
  - component: {fileID: 361434988425015539}
  m_Layer: 0
  m_Name: leg_stretch.r
  m_TagString: Untagged
  m_Icon: {fileID: 0}
  m_NavMeshLayer: 0
  m_StaticEditorFlags: 0
  m_IsActive: 1
--- !u!4 &361434988425015539
Transform:
  m_ObjectHideFlags: 0
  m_CorrespondingSourceObject: {fileID: 0}
  m_PrefabInstance: {fileID: 0}
  m_PrefabAsset: {fileID: 0}
  m_GameObject: {fileID: 6434834198613826517}
  m_LocalRotation: {x: -0.00000015646218, y: -0.000000044703476, z: 0.4428571, w: 0.8965922}
  m_LocalPosition: {x: -0.00000007705688, y: 0.2016833, z: 0.000000038146972}
  m_LocalScale: {x: 1, y: 1, z: 0.99999994}
  m_Children:
  - {fileID: 3576995955941897176}
  m_Father: {fileID: 9029154801437358170}
  m_RootOrder: 0
  m_LocalEulerAnglesHint: {x: 0, y: 0, z: 0}
--- !u!1 &6576711813327065140
GameObject:
  m_ObjectHideFlags: 0
  m_CorrespondingSourceObject: {fileID: 0}
  m_PrefabInstance: {fileID: 0}
  m_PrefabAsset: {fileID: 0}
  serializedVersion: 6
  m_Component:
  - component: {fileID: 6576711813327065141}
  m_Layer: 8
  m_Name: Bike Sit
  m_TagString: Bike Sit
  m_Icon: {fileID: 0}
  m_NavMeshLayer: 0
  m_StaticEditorFlags: 0
  m_IsActive: 1
--- !u!4 &6576711813327065141
Transform:
  m_ObjectHideFlags: 0
  m_CorrespondingSourceObject: {fileID: 0}
  m_PrefabInstance: {fileID: 0}
  m_PrefabAsset: {fileID: 0}
  m_GameObject: {fileID: 6576711813327065140}
  m_LocalRotation: {x: 0.00000014901163, y: 0.00000011920928, z: -1.9235151e-14, w: 1}
  m_LocalPosition: {x: 0, y: 0.005134047, z: -0.0056899968}
  m_LocalScale: {x: 0.01, y: 0.0100000035, z: 0.0100000035}
  m_Children: []
  m_Father: {fileID: 203820740061496650}
  m_RootOrder: 0
  m_LocalEulerAnglesHint: {x: 0, y: 0, z: 0}
--- !u!1 &6576711813948025296
GameObject:
  m_ObjectHideFlags: 0
  m_CorrespondingSourceObject: {fileID: 0}
  m_PrefabInstance: {fileID: 0}
  m_PrefabAsset: {fileID: 0}
  serializedVersion: 6
  m_Component:
  - component: {fileID: 6576711813948025263}
  m_Layer: 0
  m_Name: Bike 1
  m_TagString: Untagged
  m_Icon: {fileID: 0}
  m_NavMeshLayer: 0
  m_StaticEditorFlags: 0
  m_IsActive: 1
--- !u!4 &6576711813948025263
Transform:
  m_ObjectHideFlags: 0
  m_CorrespondingSourceObject: {fileID: 0}
  m_PrefabInstance: {fileID: 0}
  m_PrefabAsset: {fileID: 0}
  m_GameObject: {fileID: 6576711813948025296}
  m_LocalRotation: {x: 0, y: 0, z: 0, w: 1}
  m_LocalPosition: {x: 0, y: 0, z: 0}
  m_LocalScale: {x: 1, y: 1, z: 1}
  m_Children:
  - {fileID: 2080238452328171835}
  m_Father: {fileID: 0}
  m_RootOrder: 0
  m_LocalEulerAnglesHint: {x: 0, y: 0, z: 0}
--- !u!1 &6633363063268351864
GameObject:
  m_ObjectHideFlags: 0
  m_CorrespondingSourceObject: {fileID: 0}
  m_PrefabInstance: {fileID: 0}
  m_PrefabAsset: {fileID: 0}
  serializedVersion: 6
  m_Component:
  - component: {fileID: 5622046961790086012}
  m_Layer: 0
  m_Name: root.x
  m_TagString: Untagged
  m_Icon: {fileID: 0}
  m_NavMeshLayer: 0
  m_StaticEditorFlags: 0
  m_IsActive: 1
--- !u!4 &5622046961790086012
Transform:
  m_ObjectHideFlags: 0
  m_CorrespondingSourceObject: {fileID: 0}
  m_PrefabInstance: {fileID: 0}
  m_PrefabAsset: {fileID: 0}
  m_GameObject: {fileID: 6633363063268351864}
  m_LocalRotation: {x: 0.7116406, y: -0.0000058339324, z: -0.0000059094705, w: 0.7025438}
  m_LocalPosition: {x: -3.72529e-13, y: 0.11554613, z: 0.6120711}
  m_LocalScale: {x: 1, y: 0.99999994, z: 0.99999994}
  m_Children:
  - {fileID: 8591084591741746741}
  - {fileID: 2384786846291774803}
  - {fileID: 9029154801437358170}
  m_Father: {fileID: 3414737239539084874}
  m_RootOrder: 0
  m_LocalEulerAnglesHint: {x: 0, y: 0, z: 0}
--- !u!1 &6720296747420403498
GameObject:
  m_ObjectHideFlags: 0
  m_CorrespondingSourceObject: {fileID: 0}
  m_PrefabInstance: {fileID: 0}
  m_PrefabAsset: {fileID: 0}
  serializedVersion: 6
  m_Component:
  - component: {fileID: 4279714057394307818}
  m_Layer: 0
  m_Name: index3.r
  m_TagString: Untagged
  m_Icon: {fileID: 0}
  m_NavMeshLayer: 0
  m_StaticEditorFlags: 0
  m_IsActive: 1
--- !u!4 &4279714057394307818
Transform:
  m_ObjectHideFlags: 0
  m_CorrespondingSourceObject: {fileID: 0}
  m_PrefabInstance: {fileID: 0}
  m_PrefabAsset: {fileID: 0}
  m_GameObject: {fileID: 6720296747420403498}
  m_LocalRotation: {x: 0.05029834, y: 0.004359514, z: -0.0022086576, w: 0.9987223}
  m_LocalPosition: {x: 0.00000014648437, y: 0.04440632, z: -0.0000003173828}
  m_LocalScale: {x: 1, y: 1.0000002, z: 0.99999994}
  m_Children: []
  m_Father: {fileID: 42376767418837049}
  m_RootOrder: 0
  m_LocalEulerAnglesHint: {x: 0, y: 0, z: 0}
--- !u!1 &6784118918414251863
GameObject:
  m_ObjectHideFlags: 0
  m_CorrespondingSourceObject: {fileID: 0}
  m_PrefabInstance: {fileID: 0}
  m_PrefabAsset: {fileID: 0}
  serializedVersion: 6
  m_Component:
  - component: {fileID: 1684348884826852915}
  m_Layer: 0
  m_Name: index3.l
  m_TagString: Untagged
  m_Icon: {fileID: 0}
  m_NavMeshLayer: 0
  m_StaticEditorFlags: 0
  m_IsActive: 1
--- !u!4 &1684348884826852915
Transform:
  m_ObjectHideFlags: 0
  m_CorrespondingSourceObject: {fileID: 0}
  m_PrefabInstance: {fileID: 0}
  m_PrefabAsset: {fileID: 0}
  m_GameObject: {fileID: 6784118918414251863}
  m_LocalRotation: {x: 0.05029868, y: -0.004358725, z: 0.0022080024, w: 0.9987223}
  m_LocalPosition: {x: -0.00000014038086, y: 0.04440645, z: -0.00000020751952}
  m_LocalScale: {x: 1.0000001, y: 0.99999994, z: 0.9999997}
  m_Children: []
  m_Father: {fileID: 8068780912171730268}
  m_RootOrder: 0
  m_LocalEulerAnglesHint: {x: 0, y: 0, z: 0}
--- !u!1 &6830854571195588442
GameObject:
  m_ObjectHideFlags: 0
  m_CorrespondingSourceObject: {fileID: 0}
  m_PrefabInstance: {fileID: 0}
  m_PrefabAsset: {fileID: 0}
  serializedVersion: 6
  m_Component:
  - component: {fileID: 203820740061496650}
  m_Layer: 0
  m_Name: Root_bike
  m_TagString: DriverMesh
  m_Icon: {fileID: 0}
  m_NavMeshLayer: 0
  m_StaticEditorFlags: 0
  m_IsActive: 1
--- !u!4 &203820740061496650
Transform:
  m_ObjectHideFlags: 0
  m_CorrespondingSourceObject: {fileID: 0}
  m_PrefabInstance: {fileID: 0}
  m_PrefabAsset: {fileID: 0}
  m_GameObject: {fileID: 6830854571195588442}
  m_LocalRotation: {x: 0.7071067, y: -0.00000008429369, z: -0.000000084293674, w: 0.7071068}
  m_LocalPosition: {x: -0, y: 0, z: -0.00017404681}
  m_LocalScale: {x: 1, y: 0.99999994, z: 0.99999994}
  m_Children:
  - {fileID: 6576711813327065141}
  - {fileID: 1548005918605895134}
  - {fileID: 8811954517710443121}
  - {fileID: 9063786017133784758}
  m_Father: {fileID: 6948676590998575525}
  m_RootOrder: 0
  m_LocalEulerAnglesHint: {x: 0, y: 0, z: 0}
--- !u!1 &6940834871889097238
GameObject:
  m_ObjectHideFlags: 0
  m_CorrespondingSourceObject: {fileID: 0}
  m_PrefabInstance: {fileID: 0}
  m_PrefabAsset: {fileID: 0}
  serializedVersion: 6
  m_Component:
  - component: {fileID: 8159885290195158656}
  m_Layer: 0
  m_Name: index1.r
  m_TagString: Untagged
  m_Icon: {fileID: 0}
  m_NavMeshLayer: 0
  m_StaticEditorFlags: 0
  m_IsActive: 1
--- !u!4 &8159885290195158656
Transform:
  m_ObjectHideFlags: 0
  m_CorrespondingSourceObject: {fileID: 0}
  m_PrefabInstance: {fileID: 0}
  m_PrefabAsset: {fileID: 0}
  m_GameObject: {fileID: 6940834871889097238}
  m_LocalRotation: {x: -0.09351567, y: 0.008573278, z: 0.12663984, w: 0.98749363}
  m_LocalPosition: {x: 0.000000036621092, y: 0.096526325, z: -0.0000000793457}
  m_LocalScale: {x: 1.0000002, y: 1, z: 1}
  m_Children:
  - {fileID: 42376767418837049}
  m_Father: {fileID: 4181118589464880889}
  m_RootOrder: 0
  m_LocalEulerAnglesHint: {x: 0, y: 0, z: 0}
--- !u!1 &6944775596829818649
GameObject:
  m_ObjectHideFlags: 0
  m_CorrespondingSourceObject: {fileID: 0}
  m_PrefabInstance: {fileID: 0}
  m_PrefabAsset: {fileID: 0}
  serializedVersion: 6
  m_Component:
  - component: {fileID: 2925747852331541839}
  m_Layer: 0
  m_Name: ring2.r
  m_TagString: Untagged
  m_Icon: {fileID: 0}
  m_NavMeshLayer: 0
  m_StaticEditorFlags: 0
  m_IsActive: 1
--- !u!4 &2925747852331541839
Transform:
  m_ObjectHideFlags: 0
  m_CorrespondingSourceObject: {fileID: 0}
  m_PrefabInstance: {fileID: 0}
  m_PrefabAsset: {fileID: 0}
  m_GameObject: {fileID: 6944775596829818649}
  m_LocalRotation: {x: -0.66661435, y: -0.046509493, z: -0.10537609, w: 0.7364496}
  m_LocalPosition: {x: 0.0007317077, y: 0.062190574, z: -0.010413854}
  m_LocalScale: {x: 0.99999994, y: 0.9999999, z: 1.0000001}
  m_Children:
  - {fileID: 8227031433635414831}
  m_Father: {fileID: 68444114781663735}
  m_RootOrder: 0
  m_LocalEulerAnglesHint: {x: 0, y: 0, z: 0}
--- !u!1 &7055297005561040261
GameObject:
  m_ObjectHideFlags: 0
  m_CorrespondingSourceObject: {fileID: 0}
  m_PrefabInstance: {fileID: 0}
  m_PrefabAsset: {fileID: 0}
  serializedVersion: 6
  m_Component:
  - component: {fileID: 4181118589464880889}
  m_Layer: 0
  m_Name: index1_base.r
  m_TagString: Untagged
  m_Icon: {fileID: 0}
  m_NavMeshLayer: 0
  m_StaticEditorFlags: 0
  m_IsActive: 1
--- !u!4 &4181118589464880889
Transform:
  m_ObjectHideFlags: 0
  m_CorrespondingSourceObject: {fileID: 0}
  m_PrefabInstance: {fileID: 0}
  m_PrefabAsset: {fileID: 0}
  m_GameObject: {fileID: 7055297005561040261}
  m_LocalRotation: {x: 0.061618425, y: -0.01656899, z: -0.14931144, w: 0.9867293}
  m_LocalPosition: {x: 0.0356838, y: 0.070551574, z: -0.008778064}
  m_LocalScale: {x: 0.9999999, y: 0.99999994, z: 1}
  m_Children:
  - {fileID: 8159885290195158656}
  m_Father: {fileID: 2047567344812150355}
  m_RootOrder: 0
  m_LocalEulerAnglesHint: {x: 0, y: 0, z: 0}
--- !u!1 &7170091047973753717
GameObject:
  m_ObjectHideFlags: 0
  m_CorrespondingSourceObject: {fileID: 0}
  m_PrefabInstance: {fileID: 0}
  m_PrefabAsset: {fileID: 0}
  serializedVersion: 6
  m_Component:
  - component: {fileID: 9029154801437358170}
  m_Layer: 0
  m_Name: thigh_stretch.r
  m_TagString: Untagged
  m_Icon: {fileID: 0}
  m_NavMeshLayer: 0
  m_StaticEditorFlags: 0
  m_IsActive: 1
--- !u!4 &9029154801437358170
Transform:
  m_ObjectHideFlags: 0
  m_CorrespondingSourceObject: {fileID: 0}
  m_PrefabInstance: {fileID: 0}
  m_PrefabAsset: {fileID: 0}
  m_GameObject: {fileID: 7170091047973753717}
  m_LocalRotation: {x: 0.79202247, y: 0.4473743, z: 0.11529622, w: 0.39907822}
  m_LocalPosition: {x: 0.10352171, y: 0.00000014572132, z: -0.0000017604895}
  m_LocalScale: {x: 1.0000001, y: 1, z: 1.0000002}
  m_Children:
  - {fileID: 361434988425015539}
  m_Father: {fileID: 5622046961790086012}
  m_RootOrder: 2
  m_LocalEulerAnglesHint: {x: 0, y: 0, z: 0}
--- !u!1 &7200107031046752710
GameObject:
  m_ObjectHideFlags: 0
  m_CorrespondingSourceObject: {fileID: 0}
  m_PrefabInstance: {fileID: 0}
  m_PrefabAsset: {fileID: 0}
  serializedVersion: 6
  m_Component:
  - component: {fileID: 6194241969448772884}
  - component: {fileID: 5752254127141703145}
  m_Layer: 0
  m_Name: Cylinder.003
  m_TagString: Untagged
  m_Icon: {fileID: 0}
  m_NavMeshLayer: 0
  m_StaticEditorFlags: 0
  m_IsActive: 1
--- !u!4 &6194241969448772884
Transform:
  m_ObjectHideFlags: 0
  m_CorrespondingSourceObject: {fileID: 0}
  m_PrefabInstance: {fileID: 0}
  m_PrefabAsset: {fileID: 0}
  m_GameObject: {fileID: 7200107031046752710}
  m_LocalRotation: {x: -0.7071068, y: 0, z: -0, w: 0.7071067}
  m_LocalPosition: {x: -1.157312e-34, y: 0.22345278, z: 0.8139975}
  m_LocalScale: {x: 97.21049, y: 97.21049, z: 97.21049}
  m_Children: []
  m_Father: {fileID: 2080238452328171835}
  m_RootOrder: 3
  m_LocalEulerAnglesHint: {x: 0, y: 0, z: 0}
--- !u!137 &5752254127141703145
SkinnedMeshRenderer:
  m_ObjectHideFlags: 0
  m_CorrespondingSourceObject: {fileID: 0}
  m_PrefabInstance: {fileID: 0}
  m_PrefabAsset: {fileID: 0}
  m_GameObject: {fileID: 7200107031046752710}
  m_Enabled: 1
  m_CastShadows: 1
  m_ReceiveShadows: 1
  m_DynamicOccludee: 1
  m_MotionVectors: 1
  m_LightProbeUsage: 1
  m_ReflectionProbeUsage: 1
  m_RayTracingMode: 3
  m_RayTraceProcedural: 0
  m_RenderingLayerMask: 1
  m_RendererPriority: 0
  m_Materials:
  - {fileID: 2100000, guid: 88ad5d679c130a64ab2e34e04936e59f, type: 2}
  m_StaticBatchInfo:
    firstSubMesh: 0
    subMeshCount: 0
  m_StaticBatchRoot: {fileID: 0}
  m_ProbeAnchor: {fileID: 0}
  m_LightProbeVolumeOverride: {fileID: 0}
  m_ScaleInLightmap: 1
  m_ReceiveGI: 1
  m_PreserveUVs: 0
  m_IgnoreNormalsForChartDetection: 0
  m_ImportantGI: 0
  m_StitchLightmapSeams: 1
  m_SelectedEditorRenderState: 3
  m_MinimumChartSize: 4
  m_AutoUVMaxDistance: 0.5
  m_AutoUVMaxAngle: 89
  m_LightmapParameters: {fileID: 0}
  m_SortingLayerID: 0
  m_SortingLayer: 0
  m_SortingOrder: 0
  serializedVersion: 2
  m_Quality: 0
  m_UpdateWhenOffscreen: 0
  m_SkinnedMotionVectors: 1
  m_Mesh: {fileID: 6239881831769578202, guid: 6f45f6c7491650247be7310ebc9be1ac, type: 3}
  m_Bones:
  - {fileID: 203820740061496650}
  - {fileID: 9063786017133784758}
  - {fileID: 8811954517710443121}
  - {fileID: 4784319477186643916}
  m_BlendShapeWeights: []
  m_RootBone: {fileID: 203820740061496650}
  m_AABB:
    m_Center: {x: -6.9849193e-10, y: 0.004561295, z: -0.00039683213}
    m_Extent: {x: 0.0021653732, y: 0.003721689, z: 0.008109122}
  m_DirtyAABB: 0
--- !u!1 &7420395332119403342
GameObject:
  m_ObjectHideFlags: 0
  m_CorrespondingSourceObject: {fileID: 0}
  m_PrefabInstance: {fileID: 0}
  m_PrefabAsset: {fileID: 0}
  serializedVersion: 6
  m_Component:
  - component: {fileID: 2107285093121436694}
  m_Layer: 0
  m_Name: foot.l
  m_TagString: Untagged
  m_Icon: {fileID: 0}
  m_NavMeshLayer: 0
  m_StaticEditorFlags: 0
  m_IsActive: 1
--- !u!4 &2107285093121436694
Transform:
  m_ObjectHideFlags: 0
  m_CorrespondingSourceObject: {fileID: 0}
  m_PrefabInstance: {fileID: 0}
  m_PrefabAsset: {fileID: 0}
  m_GameObject: {fileID: 7420395332119403342}
  m_LocalRotation: {x: -0.21218732, y: 0.8253025, z: -0.3401416, w: -0.39768842}
  m_LocalPosition: {x: -0.000000042724608, y: 0.318286, z: -0.000000012207031}
  m_LocalScale: {x: 0.9999445, y: 0.9999929, z: 0.9999986}
  m_Children:
  - {fileID: 5222727523296208454}
  m_Father: {fileID: 7476246607124274423}
  m_RootOrder: 0
  m_LocalEulerAnglesHint: {x: 0, y: 0, z: 0}
--- !u!1 &7747186993885379389
GameObject:
  m_ObjectHideFlags: 0
  m_CorrespondingSourceObject: {fileID: 0}
  m_PrefabInstance: {fileID: 0}
  m_PrefabAsset: {fileID: 0}
  serializedVersion: 6
  m_Component:
  - component: {fileID: 3942327732147994717}
  m_Layer: 0
  m_Name: c_skull_02.x
  m_TagString: Untagged
  m_Icon: {fileID: 0}
  m_NavMeshLayer: 0
  m_StaticEditorFlags: 0
  m_IsActive: 1
--- !u!4 &3942327732147994717
Transform:
  m_ObjectHideFlags: 0
  m_CorrespondingSourceObject: {fileID: 0}
  m_PrefabInstance: {fileID: 0}
  m_PrefabAsset: {fileID: 0}
  m_GameObject: {fileID: 7747186993885379389}
  m_LocalRotation: {x: 1.0925276e-14, y: -0.000034021446, z: -1.8189894e-12, w: 1}
  m_LocalPosition: {x: 3.144578e-13, y: 0.18243508, z: 0.0000000036868135}
  m_LocalScale: {x: 1, y: 1, z: 1}
  m_Children: []
  m_Father: {fileID: 7601496195611725853}
  m_RootOrder: 1
  m_LocalEulerAnglesHint: {x: 0, y: 0, z: 0}
--- !u!1 &7832480934113373661
GameObject:
  m_ObjectHideFlags: 0
  m_CorrespondingSourceObject: {fileID: 0}
  m_PrefabInstance: {fileID: 0}
  m_PrefabAsset: {fileID: 0}
  serializedVersion: 6
  m_Component:
  - component: {fileID: 2878603665283836490}
  m_Layer: 0
  m_Name: thumb1.l
  m_TagString: Untagged
  m_Icon: {fileID: 0}
  m_NavMeshLayer: 0
  m_StaticEditorFlags: 0
  m_IsActive: 1
--- !u!4 &2878603665283836490
Transform:
  m_ObjectHideFlags: 0
  m_CorrespondingSourceObject: {fileID: 0}
  m_PrefabInstance: {fileID: 0}
  m_PrefabAsset: {fileID: 0}
  m_GameObject: {fileID: 7832480934113373661}
  m_LocalRotation: {x: -0.019352628, y: 0.85875726, z: -0.47575262, w: -0.18926427}
  m_LocalPosition: {x: -0.050861247, y: 0.059011254, z: -0.0015208282}
  m_LocalScale: {x: 1.0000002, y: 1, z: 1.0000001}
  m_Children:
  - {fileID: 8756954544987778842}
  m_Father: {fileID: 3752444844495620937}
  m_RootOrder: 3
  m_LocalEulerAnglesHint: {x: 0, y: 0, z: 0}
--- !u!1 &7886798512813248483
GameObject:
  m_ObjectHideFlags: 0
  m_CorrespondingSourceObject: {fileID: 0}
  m_PrefabInstance: {fileID: 0}
  m_PrefabAsset: {fileID: 0}
  serializedVersion: 6
  m_Component:
  - component: {fileID: 5104563892125711361}
  - component: {fileID: 7670024615339711914}
  m_Layer: 11
  m_Name: Cylinder.001
  m_TagString: Untagged
  m_Icon: {fileID: 0}
  m_NavMeshLayer: 0
  m_StaticEditorFlags: 0
  m_IsActive: 1
--- !u!4 &5104563892125711361
Transform:
  m_ObjectHideFlags: 0
  m_CorrespondingSourceObject: {fileID: 0}
  m_PrefabInstance: {fileID: 0}
  m_PrefabAsset: {fileID: 0}
  m_GameObject: {fileID: 7886798512813248483}
  m_LocalRotation: {x: -0.7071068, y: 0, z: -0, w: 0.7071067}
  m_LocalPosition: {x: -1.157312e-34, y: 0.22345278, z: -0.596359}
  m_LocalScale: {x: 97.21049, y: 97.21049, z: 97.21049}
  m_Children: []
  m_Father: {fileID: 2080238452328171835}
  m_RootOrder: 1
  m_LocalEulerAnglesHint: {x: 0, y: 0, z: 0}
--- !u!137 &7670024615339711914
SkinnedMeshRenderer:
  m_ObjectHideFlags: 0
  m_CorrespondingSourceObject: {fileID: 0}
  m_PrefabInstance: {fileID: 0}
  m_PrefabAsset: {fileID: 0}
  m_GameObject: {fileID: 7886798512813248483}
  m_Enabled: 1
  m_CastShadows: 1
  m_ReceiveShadows: 1
  m_DynamicOccludee: 1
  m_MotionVectors: 1
  m_LightProbeUsage: 1
  m_ReflectionProbeUsage: 1
  m_RayTracingMode: 3
  m_RayTraceProcedural: 0
  m_RenderingLayerMask: 1
  m_RendererPriority: 0
  m_Materials:
  - {fileID: 2100000, guid: 88ad5d679c130a64ab2e34e04936e59f, type: 2}
  m_StaticBatchInfo:
    firstSubMesh: 0
    subMeshCount: 0
  m_StaticBatchRoot: {fileID: 0}
  m_ProbeAnchor: {fileID: 0}
  m_LightProbeVolumeOverride: {fileID: 0}
  m_ScaleInLightmap: 1
  m_ReceiveGI: 1
  m_PreserveUVs: 0
  m_IgnoreNormalsForChartDetection: 0
  m_ImportantGI: 0
  m_StitchLightmapSeams: 1
  m_SelectedEditorRenderState: 3
  m_MinimumChartSize: 4
  m_AutoUVMaxDistance: 0.5
  m_AutoUVMaxAngle: 89
  m_LightmapParameters: {fileID: 0}
  m_SortingLayerID: 0
  m_SortingLayer: 0
  m_SortingOrder: 0
  serializedVersion: 2
  m_Quality: 0
  m_UpdateWhenOffscreen: 0
  m_SkinnedMotionVectors: 1
  m_Mesh: {fileID: -7387706064836869012, guid: 6f45f6c7491650247be7310ebc9be1ac, type: 3}
  m_Bones:
  - {fileID: 203820740061496650}
  - {fileID: 9063786017133784758}
  - {fileID: 8811954517710443121}
  - {fileID: 4784319477186643916}
  m_BlendShapeWeights: []
  m_RootBone: {fileID: 203820740061496650}
  m_AABB:
    m_Center: {x: -0.0000000013969839, y: 0.0022345274, z: -0.005963588}
    m_Extent: {x: 0.0010644818, y: 0.0020641, z: 0.00206379}
  m_DirtyAABB: 0
--- !u!1 &8461499579099520135
GameObject:
  m_ObjectHideFlags: 0
  m_CorrespondingSourceObject: {fileID: 0}
  m_PrefabInstance: {fileID: 0}
  m_PrefabAsset: {fileID: 0}
  serializedVersion: 6
  m_Component:
  - component: {fileID: 6340452061092673876}
  m_Layer: 0
  m_Name: middle2.l
  m_TagString: Untagged
  m_Icon: {fileID: 0}
  m_NavMeshLayer: 0
  m_StaticEditorFlags: 0
  m_IsActive: 1
--- !u!4 &6340452061092673876
Transform:
  m_ObjectHideFlags: 0
  m_CorrespondingSourceObject: {fileID: 0}
  m_PrefabInstance: {fileID: 0}
  m_PrefabAsset: {fileID: 0}
  m_GameObject: {fileID: 8461499579099520135}
  m_LocalRotation: {x: -0.7001666, y: 0.04878603, z: 0.0824168, w: 0.70752686}
  m_LocalPosition: {x: -0.0012911559, y: 0.06283734, z: -0.010494986}
  m_LocalScale: {x: 0.99999994, y: 0.9999999, z: 1}
  m_Children:
  - {fileID: 8416841070400128077}
  m_Father: {fileID: 2514883795571123357}
  m_RootOrder: 0
  m_LocalEulerAnglesHint: {x: 0, y: 0, z: 0}
--- !u!1 &8554123236920708813
GameObject:
  m_ObjectHideFlags: 0
  m_CorrespondingSourceObject: {fileID: 0}
  m_PrefabInstance: {fileID: 0}
  m_PrefabAsset: {fileID: 0}
  serializedVersion: 6
  m_Component:
  - component: {fileID: 9063786017133784758}
  m_Layer: 0
  m_Name: Wheel_back
  m_TagString: Untagged
  m_Icon: {fileID: 0}
  m_NavMeshLayer: 0
  m_StaticEditorFlags: 0
  m_IsActive: 1
--- !u!4 &9063786017133784758
Transform:
  m_ObjectHideFlags: 0
  m_CorrespondingSourceObject: {fileID: 0}
  m_PrefabInstance: {fileID: 0}
  m_PrefabAsset: {fileID: 0}
  m_GameObject: {fileID: 8554123236920708813}
  m_LocalRotation: {x: 0.0000005663209, y: -0.00000038590323, z: 0.7071068, w: 0.7071067}
  m_LocalPosition: {x: -0.00014246028, y: 0.0022402587, z: -0.0059820996}
  m_LocalScale: {x: 1, y: 1, z: 1}
  m_Children:
  - {fileID: 2277467218140738628}
  - {fileID: 8237587038919000208}
  m_Father: {fileID: 203820740061496650}
  m_RootOrder: 3
  m_LocalEulerAnglesHint: {x: 0, y: 0, z: 0}
--- !u!1 &8714971722624674524
GameObject:
  m_ObjectHideFlags: 0
  m_CorrespondingSourceObject: {fileID: 0}
  m_PrefabInstance: {fileID: 0}
  m_PrefabAsset: {fileID: 0}
  serializedVersion: 6
  m_Component:
  - component: {fileID: 9117061936590427776}
  m_Layer: 0
  m_Name: middle2.r
  m_TagString: Untagged
  m_Icon: {fileID: 0}
  m_NavMeshLayer: 0
  m_StaticEditorFlags: 0
  m_IsActive: 1
--- !u!4 &9117061936590427776
Transform:
  m_ObjectHideFlags: 0
  m_CorrespondingSourceObject: {fileID: 0}
  m_PrefabInstance: {fileID: 0}
  m_PrefabAsset: {fileID: 0}
  m_GameObject: {fileID: 8714971722624674524}
  m_LocalRotation: {x: -0.7001686, y: -0.048785202, z: -0.08242267, w: 0.70752424}
  m_LocalPosition: {x: 0.0012910614, y: 0.06283736, z: -0.010494882}
  m_LocalScale: {x: 0.99999976, y: 0.9999998, z: 1}
  m_Children:
  - {fileID: 4381063276771906668}
  m_Father: {fileID: 9179090480328337525}
  m_RootOrder: 0
  m_LocalEulerAnglesHint: {x: 0, y: 0, z: 0}
--- !u!1 &8858970628326003695
GameObject:
  m_ObjectHideFlags: 0
  m_CorrespondingSourceObject: {fileID: 0}
  m_PrefabInstance: {fileID: 0}
  m_PrefabAsset: {fileID: 0}
  serializedVersion: 6
  m_Component:
  - component: {fileID: 6948676590998575525}
  m_Layer: 0
  m_Name: Armature
  m_TagString: Untagged
  m_Icon: {fileID: 0}
  m_NavMeshLayer: 0
  m_StaticEditorFlags: 0
  m_IsActive: 1
--- !u!4 &6948676590998575525
Transform:
  m_ObjectHideFlags: 0
  m_CorrespondingSourceObject: {fileID: 0}
  m_PrefabInstance: {fileID: 0}
  m_PrefabAsset: {fileID: 0}
  m_GameObject: {fileID: 8858970628326003695}
  m_LocalRotation: {x: -0.7071068, y: 0, z: -0, w: 0.7071067}
  m_LocalPosition: {x: -0, y: 0, z: 0}
  m_LocalScale: {x: 100, y: 100, z: 100}
  m_Children:
  - {fileID: 203820740061496650}
  m_Father: {fileID: 2080238452328171835}
  m_RootOrder: 0
  m_LocalEulerAnglesHint: {x: 0, y: 0, z: 0}
--- !u!1 &8923615179149451077
GameObject:
  m_ObjectHideFlags: 0
  m_CorrespondingSourceObject: {fileID: 0}
  m_PrefabInstance: {fileID: 0}
  m_PrefabAsset: {fileID: 0}
  serializedVersion: 6
  m_Component:
  - component: {fileID: 4381063276771906668}
  m_Layer: 0
  m_Name: middle3.r
  m_TagString: Untagged
  m_Icon: {fileID: 0}
  m_NavMeshLayer: 0
  m_StaticEditorFlags: 0
  m_IsActive: 1
--- !u!4 &4381063276771906668
Transform:
  m_ObjectHideFlags: 0
  m_CorrespondingSourceObject: {fileID: 0}
  m_PrefabInstance: {fileID: 0}
  m_PrefabAsset: {fileID: 0}
  m_GameObject: {fileID: 8923615179149451077}
  m_LocalRotation: {x: 0.025071502, y: -0.04414969, z: -0.05794483, w: 0.99702793}
  m_LocalPosition: {x: 0.000000030517576, y: 0.074361384, z: -0.000000073242184}
  m_LocalScale: {x: 1.0000001, y: 1.0000001, z: 1}
  m_Children: []
  m_Father: {fileID: 9117061936590427776}
  m_RootOrder: 0
  m_LocalEulerAnglesHint: {x: 0, y: 0, z: 0}
--- !u!1 &9053265737501232948
GameObject:
  m_ObjectHideFlags: 0
  m_CorrespondingSourceObject: {fileID: 0}
  m_PrefabInstance: {fileID: 0}
  m_PrefabAsset: {fileID: 0}
  serializedVersion: 6
  m_Component:
  - component: {fileID: 8419326186058424679}
  m_Layer: 0
  m_Name: thumb3.r
  m_TagString: Untagged
  m_Icon: {fileID: 0}
  m_NavMeshLayer: 0
  m_StaticEditorFlags: 0
  m_IsActive: 1
--- !u!4 &8419326186058424679
Transform:
  m_ObjectHideFlags: 0
  m_CorrespondingSourceObject: {fileID: 0}
  m_PrefabInstance: {fileID: 0}
  m_PrefabAsset: {fileID: 0}
  m_GameObject: {fileID: 9053265737501232948}
  m_LocalRotation: {x: 0.040245306, y: 0.0058787595, z: 0.04814537, w: 0.99801195}
  m_LocalPosition: {x: 0.000000020217895, y: 0.037472606, z: 0.00000009765625}
  m_LocalScale: {x: 1, y: 1.0000001, z: 1}
  m_Children: []
  m_Father: {fileID: 2836320180200311278}
  m_RootOrder: 0
  m_LocalEulerAnglesHint: {x: 0, y: 0, z: 0}
